1702 3112
366 205 431 271 ‘98
659 204 1352 253 THUCYDIDIS

374 299 498 364 ἦσαν·
520 301 725 358 δείσαντες
745 297 790 352 το
811 297 882 352 ἔτι-ἴ
903 300 1091 364 διαβολῇ
1116 301 1155 358 ἒς
1173 300 1280 361 δίκην
1298 297 1639 355 ,sarmada-asi

375 386 410 432 οἱ
431 379 502 430 δ”
492 401 540 431 εκ
563 402 634 437 της
661 377 973 446 Σαλαμινίας,
991 374 1092 434 τὲως
1116 397 1193 446 μεν
1219 374 1374 439 ἒξητουν
1397 399 1462 429 τον
1485 377 1641 429 Ἀλκι-

376 454 531 518 βιαδην
543 476 621 505 και
637 476 729 510 τους
743 457 839 522 μετ’
852 453 995 504 αὐτου·
1013 453 1068 509 ὡς
1080 452 1123 503 δ’
1138 452 1324 521 οὐδαμου
1339 450 1536 544 φανεροι’
1519 476 1641 513 uqa-ow,

376 523 533 604 ᾠχοντο
550 527 850 586 αποπλέοντες.
873 533 891 578 6
912 520 955 579 δε
974 528 1285 589 Ἀλκιβιάδης,
1303 526 1375 589 ἤδη
1392 524 1552 593 φυγας
1567 521 1642 584 ὼν,

378 613 424 659 οὐ
443 606 607 677 πολλῷ
627 605 788 678 ὕστερον
809 602 877 656 ἐπι
897 610 1048 656 πλοίου
1069 604 1324 677 ἐπεραιώθη
1314 626 1353 662 ες
1371 604 1644 665 Πελοπόννη-

377 707 448 736 σον
468 685 516 734 ἐκ
531 681 602 743 τῆς
629 681 830 753 Θουρίοις.
852 687 884 733 οἱ
905 681 948 732 δ’
967 681 1204 741 Αθηναῖοι
1193 702 1315 752 ερημη
1341 681 1428 747 δίκῃ
1447 680 1642 734 &avoc-cor

375 756 660 824 κατέγνωσαν
681 757 812 811 αὐτοῦ
828 780 876 809 τε
895 779 973 809 και
991 780 1068 809 των
1082 761 1178 825 μετ’
1199 759 1357 808 ἐκείνου.

415 828 538 898 ἔβ.
565 830 707 886 Μετα
720 825 771 885 δε
789 834 935 885 ταῦτα
955 838 989 885 οἷ
1011 830 1152 884 λοιποι
1171 856 1249 885 των
1269 833 1487 894 Αθηναίων
1506 855 1643 906 στρα-

377 935 500 978 τηγοι
518 913 554 964 ἓν
572 934 620 974 τη
598 910 857 965 Σικελία,
876 908 943 962 dvo
959 906 1086 997 μέρη
1077 930 1328 970 ποιησαντες
1346 909 1417 961 τοῦ
1435 931 1642 982 στρατευ-

376 1011 538 1060 ματος,
556 1009 634 1038 και
653 979 812 1049 λαχων
833 985 1042 1054 ἑκατερος,
1060 982 1208 1038 ἔπλεον
1223 983 1291 1048 Ξῖιν
1305 1008 1438 1038 παντι
1457 983 1528 1038 ἐτι-ι
1547 985 1649 1038 Σεὲ

376 1065 576 1121 λινουντος
596 1085 674 1114 και
694 1058 916 1127 Ε’γέστης
936 1061 1183 1131 βουλομενοι
1201 1083 1277 1132 μεν
1297 1058 1503 1114 εἰδέναι
1460 1085 1519 1114 τα
1533 1059 1642 1151 χρή-

372 1163 505 1212 ματα
534 1147 566 1192 εἰ
591 1138 788 1190 δώσουσιν
816 1144 850 1191 οἱ
870 1138 1139 1203 Ἐγεσταῖοι,
1164 1134 1567 1202 κατασκέψασθαι
1589 1129 1639 1189 δε

372 1241 453 1270 και
471 1240 549 1268 των
570 1215 864 1267 Σελινουντίων
886 1237 946 1266 τα
965 1236 1250 1287 πραγματα,
1267 1237 1349 1266 οιαι
1368 1237 1430 1266 τα
1448 1215 1637 1287 διαφοροο

369 1297 518 1365 μαθειν
544 1315 604 1343 τα
628 1315 728 1363 προς
756 1290 1046 1355 Εγεσταίους.
1067 1287 1391 1383 παραπλεοντες
1415 1291 1494 1341 δ”
1483 1313 1520 1343 εν
1541 1296 1634 1363 ἀρι-

370 1393 503 1444 στερα
527 1391 593 1430 την
620 1363 917 1423 Σικελίαν,
878 1391 922 1418 το
948 1389 1067 1440 μερος
1093 1388 1139 1419 το
1167 1390 1268 1440 προς
1294 1390 1359 1420 τον
1384 1364 1635 1441 Τυρσηνικον

366 1524 549 1566 iudicium
568 1521 759 1579 proficisci
781 1534 863 1563 non
883 1520 976 1563 aufi.
998 1521 1088 1576 Qui
1116 1533 1214 1563 vero
1232 1520 1325 1563 navi
1344 1520 1550 1562 Salaminia
1566 1533 1636 1562 ve-.

365 1592 579 1640 hebantur‚
602 1589 838 1644 aliquamdiu
860 1590 1015 1644 quidem
1039 1590 1302 1638 Alcibiadem,
1329 1589 1488 1644 eiusque
1509 1589 1638 1632 socios

366 1660 664 1715 quaefiverunt:
690 1657 751 1699 sed
773 1672 863 1699 cum
891 1658 1080 1713 nusquam
1102 1669 1356 1714 apparerent,
1378 1659 1638 1713 navigationis

366 1730 524 1773 cursum
548 1728 745 1770 conficere
764 1740 1030 1784 perrexerunt.
1057 1729 1277 1770 Alcibiades
1295 1742 1419 1777 vero,
1445 1743 1536 1771 cum
1556 1731 1633 1770 iam

363 1798 473 1840 exsul
483 1797 574 1839 effet
584 1827 595 1846 ,
609 1811 691 1839 non
703 1798 828 1839 multo
839 1798 925 1853 post
936 1812 985 1840 ex
997 1812 1092 1853 agro
1101 1799 1255 1840 Thurio
1273 1800 1312 1839 in
1324 1798 1634 1855 Peloponnesum

365 1869 527 1922 navigio
548 1867 685 1909 vedius
704 1867 919 1909 transmifit.
945 1869 1197 1911 Athenienses
1207 1884 1308 1912 vero
1330 1871 1462 1922 illum‚·
1484 1871 1527 1913 δι
1545 1885 1636 1923 eos,

364 1941 437 1995 qui
456 1953 545 1981 cum
565 1939 631 1979 illo
645 1950 755 1980 erant
766 1970 781 1986 ‚
801 1938 951 1981 deserto
963 1940 1131 1989 iudicio,
1147 1942 1272 1996 capite
1287 1942 1606 1984 condemnarunt.

420 2008 538 2050 LXII.
566 2007 700 2049 Postea
716 2022 817 2049 vero
842 2010 960 2049 ceteri
973 2009 1266 2051 Atheniensium
1282 2009 1422 2058 duces,
1435 2011 1504 2064 qui
1524 2019 1635 2051 erant

362 2076 404 2117 in
429 2076 579 2124 Sicilia,
608 2089 698 2116 cum
730 2077 947 2117 exercitum
981 2076 1021 2115 in
1050 2076 1145 2117 duas
1173 2086 1302 2131 partes
1337 2075 1565 2126 divififfent‚
1589 2076 1634 2117 &

365 2160 532 2202 uterque
555 2147 659 2189 suam
681 2158 832 2202 partem
856 2148 996 2188 lortito
1014 2146 1233 2202 accepiffet‚
1253 2161 1343 2189 cum
1363 2148 1546 2189 omnibus
1562 2161 1633 2189 co-

362 2220 437 2275 piis
449 2218 688 2260 Selinuntem
709 2231 754 2259 ac
771 2217 945 2271 Egestam
966 2217 1102 2258 versus
1117 2219 1367 2271 navigarunt·
1388 2219 1528 2273 partim
1546 2219 1633 2273 qui-

362 2291 450 2332 de'm
459 2321 471 2341 ‚
486 2290 594 2344 quod
606 2289 699 2335 scire
716 2289 862 2330 vellent
871 2321 884 2339 ,
898 2302 950 2329 an
961 2289 1132 2344 Egestaei
1151 2290 1331 2344 pecunias
1345 2291 1530 2332 exercitui
1544 2305 1632 2346 pro·

364 2349 489 2403 miffas
513 2361 641 2401 daturi
658 2360 777 2401 essent
788 2376 801 2410 3
825 2362 963 2416 partim
979 2375 1081 2402 vero
1099 2362 1213 2402 etiam
1227 2393 1239 2411 ,
1259 2373 1303 2402 ut
1325 2362 1632 2404 Selinuntiorum

361 2445 424 2474 res
443 2431 691 2486 explorarent
704 2462 717 2480 ,
739 2430 781 2471 &
801 2430 1086 2471 controversias
1114 2430 1390 2484 cognoscerent
1403 2461 1415 2479 ,
1437 2444 1539 2484 quae
1560 2430 1633 2471 Se-

360 2502 534 2543 linuntiis
554 2514 645 2543 cum
666 2499 858 2558 Egestaeis
875 2501 1173 2542 intercedebant.
1202 2500 1353 2543 Siciliae
1369 2513 1498 2542 autem
1517 2513 1630 2542 oram
1679 2492 1693 2540 ῗ
