1754 3120
397 192 487 241 512
597 173 1464 221 ANNOTATIONES

388 259 687 327 genus'ellipses
710 260 749 300 in
773 259 1016 322 Thucydide.
1041 259 1118 307 111,
1147 271 1216 324 ᾗς,
1237 260 1290 300 Ἐν
1311 262 1440 311 μέντοι
1466 261 1525 312 τῷ·
1546 260 1662 305 ’πολί-

389 330 453 379 1⁴⁶?
473 313 582 355 οὐέὲν
601 314 897 368 εκπρεπέστερον
921 316 994 354 voi-b
1015 312 1117 364 ὗμῶν
1141 314 1227 355 οὔτε
1243 314 1425 368 ἐπάθετε,
1444 315 1530 356 οὔτε
1549 317 1662 368 ἔμελ·
1744 343 1751 350 .

390 380 569 414 λησιιτε,
591 369 718 408 nimir.
743 367 936 420 πάσχειν.
959 368 1023 416 V,
1045 367 1119 414 80,
1151 364 1202 407 Οὐ
1225 368 1351 418 μέντοι
1375 367 1476 409 εὐθύς
1505 384 1561 424 ’γε
1583 372 1663 412 o’wr-

395 423 489 463 έστη
512 421 584 462 τῶν
609 421 818 467 Ἀθηναίων,
847 422 956 461 ἀλλὰ.
976 417 1134 462 saevor'ren
1161 421 1326 475 (nempe
1350 423 1562 464 ἀποστῆναι
1592 422 1663 464 αὖ·

394 476 498 530 τῶν)
521 475 577 515 ὅτι
602 476 666 515 καὶ
690 475 778 515 τοὺς
799 474 985 528 Ἀργείους
1013 474 1131 526 ἑώρα,
1151 474 1293 516 scilicet
1315 476 1592 527 ἀποστάντας
1614 489 1660 518 ut

393 530 525 570 Schol.
554 530 635 577 VI,
662 531 733 580 76,
758 533 786 567 T
790 527 809 568 ἲ
835 529 879 568 st
903 524 1004 576 αὐτῆ
1034 529 1122 578 irriga
1144 529 1266 569 ἐκεῖνά
1288 543 1332 569 τε
1354 529 1488 584 ἔσχον,
1515 533 1583 572 καὶ
1605 535 1660 572 τὰ.

395 583 531 624 ἐνθάδε
563 581 620 624 νῦν
648 582 847 636 πειρῶνται
859 596 886 630 ,·
901 595 1038 637 nempe
1068 581 1183 638 ἔχειν.
1217 583 1454 625 Observavit
1479 583 1593 640 supra
1618 587 1661 628 δι

397 638 475 678 alia
495 638 615 678 Henr.
634 636 863 690 Stephanus.

457 695 530 731 ead.
550 693 573 730 l.
599 706 659 741 ¹4·
680 686 797 743 ‘'Ovtsg³
817 690 1042 751 πάσχουσιν
1091 690 1139 730 Et
1158 690 1219 731 hic
1241 690 1339 731 bene
1362 689 1610 741 scholiastes,
1634 692 1666 733 οἱ

398 745 575 799 ἄνθρωποι
598 744 783 786 suman.
809 745 949 786 Tertiis
969 757 1035 798 per
1052 745 1139 784 onis
1165 745 1378 785 verborum
1403 745 1444 784 δι
1458 745 1598 787 Graeci
1619 747 1663 788 ὅτ.
1746 745 1754 783 ἓ.

396 800 524 841 Latini
543 799 653 853 saepe
676 800 728 839 ita
750 809 938 846 utuntur,
960 808 1004 837 ut
1024 811 1106 839 non
1129 799 1343 852 exprimant
1365 811 1532 846 nomen,
1582 801 1666 841 uod

397 854 612 894 addendum
633 864 723 893 erat.
750 853 848 892 Vide
869 852 1105 906 Scaligerum
1123 853 1170 892 ad
1190 852 1335 893 Catull.
1349 852 1479 893 Carm.
1499 852 1533 893 11
1543 814 1667 902 ,cian-

399 909 508 962 gium
530 908 579 947 ad
601 907 782 948 Ciceron.
807 906 825 946 Ι
843 908 890 947 de
911 906 1026 947 Offic.
1050 921 1091 958 7,
1111 907 1152 947 &
1171 906 1276 947 Lael.
1305 906 1425 954 XXI,
1446 907 1488 947 &
1510 906 1666 949 Perizo-

397 964 509 1003 nium
534 962 581 1001 ad
604 961 728 1002 San&
752 961 922 1001 Minerv.
940 961 1025 1008 IV,
1052 975 1078 1010 4
1098 961 1139 1000 in
1159 960 1279 1014 ellipfi
1299 974 1340 1000 v.
1365 961 1524 1000 homines.
1545 961 1594 1002 Et
1614 961 1667 1004 fic

400 1016 513 1071 saepe
534 1015 738 1066 scriptores
760 1013 854 1055 sacri
877 1016 927 1055 N.
945 1015 995 1055 T.
1014 1014 1151 1056 Matth.
1166 1015 1223 1062 V,
1244 1028 1288 1054 11
1315 1013 1357 1054 &
1387 1028 1449 1067 ις,
1474 1014 1576 1062 vu,
1602 1017 1665 1064 16,

399 1070 482 1120 IX,
508 1084 572 1120 17,
596 1070 638 1110 δι
661 1070 772 1110 alibi:
796 1081 898 1122 quae
921 1081 1001 1108 non
1024 1069 1165 1117 video,
1195 1081 1267 1109 cur
1290 1067 1445 1123 quidam
1467 1069 1545 1110 viri
1562 1068 1665 1111 doffl

402 1125 452 1165 ad
478 1123 748 1164 Hebraismum
769 1122 912 1163 referre
929 1123 1141 1163 voluerint.

457 1180 550 1233 Pag.
577 1178 666 1229 287.
688 1178 712 1217 l.
739 1193 773 1233 3.
800 1175 983 1230 Πατρὸθεν
1014 1191 1058 1216 τε
1079 1173 1350 1270 {waiwop-&mg
1365 1175 1468 1217 Vide
1493 1189 1594 1231 quae
1618 1177 1666 1217 de

398 1233 479 1274 hoc
512 1245 653 1287 genere
684 1232 868 1286 loquendi
908 1230 1133 1286 scripserunt
1174 1230 1310 1271 eruditi
1338 1231 1408 1270 imi
1441 1231 1667 1286 interpretes

397 1287 576 1333 Aeliani,
598 1286 776 1327 Kuhnius
799 1286 840 1325 δι
857 1285 1080 1326 Perizonius
1101 1284 1150 1324 ad
1173 1283 1235 1325 VI
1255 1285 1351 1326 Var.
1377 1283 1473 1324 Hist.
1496 1299 1532 1324 2.

411 1368 415 1369 ν
458 1345 533 1382 ead.
555 1342 580 1379 l.
610 1355 670 1380 11.
699 1339 814 1392 ’Ὑπὲρ
835 1338 1016 1380 ἁπάντων
1037 1334 1294 1392 παραπλῆσιοι
1313 1337 1564 1392 προφερόμενοι
1581 1337 1669 1379 sunt

398 1396 479 1491 {igi
509 1407 763 1444 communes3
796 1407 897 1449 quae
931 1393 1040 1433 simili
1069 1393 1190 1434 modo
1222 1392 1369 1447 ubique
1405 1391 1670 1434 decantantur.

469 1461 561 1490 ιιΜ.
1663 1475 1669 1481 ,

400 1507 553 1599 WPag.
578 1501 669 1545 288.
698 1504 723 1543 I.
760 1517 794 1558 3.
821 1500 1030 1556 Ἐἒὺνοιτή
1055 1500 1155 1542 Cod.
1182 1499 1230 1540 C.
1252 1497 1428 1542 hsa'svmo.
1449 1511 1532 1540 non
1555 1498 1669 1542 male.
1732 1505 1734 1507 ’

398 1598 400 1601 .
464 1569 551 1598 Ass.

407 1631 409 1635 ¹
455 1617 528 1653 ead.
552 1614 575 1652 l.
591 1626 629 1661 4.
649 1610 691 1650 ‘O
715 1610 761 1652 δὲ
778 1609 1019 1662 Δημοσθένης
1035 1631 1080 1640 -
1096 1624 1123 1649 τ
1141 1607 1273 1649 aaaron»
1297 1606 1480 1662 ’έο-τησοιν)
1506 1605 1670 1660 Diony-

402 1665 481 1707 ssus
502 1666 697 1707 Halicarn.
723 1665 841 1706 Tom.
865 1664 923 1713 ΙΙ,
947 1677 983 1716 ρ.
1012 1678 1099 1717 149.
1137 1673 1242 1703 nnn.
1265 1660 1485 1715 Dionysius
1504 1674 1668 1716 magno-

401 1734 496 1775 pere
519 1721 647 1761 laudat
666 1720 929 1760 narrationem
949 1719 1062 1758 huius
1082 1716 1229 1773 proelii.
1692 1738 1693 1741 =

408 1798 413 1803 ·
461 1779 535 1815 ead.
555 1776 579 1814 l.
610 1787 642 1826 5.
664 1772 896 1826 Εὐθύδημος)
919 1771 1040 1813 Re&e
1059 1772 1112 1812 ita
1131 1769 1349 1812 Hudsonus.
1369 1768 1428 1810 Ita
1443 1769 1559 1810 etiam
1573 1767 1674 1809 Dio-

403 1829 542 1935 ἓξὲξ
560 1823 1673 1930 ξνῗζξῑὃῗη3)ξὲεὲἒὲἙξεἿιὲῗὲᾶἒῗῖὶῖἓ9·ἒῗ-ιῗε“υἱῗῖ
1726 1891 1728 1894 ψ

403 1947 469 1978 tus
490 1939 532 1978 in
559 1935 707 1977 scholiis
730 1935 890 1976 Graecis
913 1936 1007 1975 mire
1034 1933 1205 1976 fluctuat.
1227 1932 1267 1973 Si
1291 1933 1351 1973 hic
1379 1932 1479 1972 idem
1507 1929 1588 1978 est,
1611 1931 1672 1970 in-

404 1993 515 2047 quit,
538 2005 655 2045 quem
679 1989 792 2044 supra
816 2003 900 2044 cap.
934 1990 982 2028 16
1007 2000 1087 2028 una
1116 2000 1204 2028 cum
1230 1986 1448 2030 Menandro
1478 1985 1526 2025 ab
1545 1984 1672 2025 Athe·

404 2046 601 2087 nienfibus
621 2046 660 2085 in
682 2044 844 2085 Siciliam
862 2041 1009 2083 missum
1033 2037 1237 2092 Εὖθὺἒημον
1257 2050 1377 2080 vocat
1395 2038 1671 2092 Thucydides,

405 2101 471 2141 hic
519 2113 652 2154 uoque
676 2095 886 2148 Εὐθύδημος
904 2097 1105 2150 legendum
1119 2127 1131 2145 ‚
1152 2094 1218 2136 vel
1241 2090 1413 2148 utrotfue
1437 2093 1530 2135 loco
1553 2091 1671 2132 msa.

404 2169 478 2208 μος
511 2153 732 2195 cribendum
747 2152 818 2193 est:
843 2151 912 2191 nisi
959 2151 1018 2191 uis
1038 2160 1162 2205 putet,
1181 2149 1282 2189 hunc
1299 2161 1380 2188 non
1400 2146 1581 2193 eundem,
1602 2146 1671 2200 qui

407 2220 499 2248 ante
531 2217 794 2253 memoratur,
825 2205 887 2246 sed
918 2165 1038 2245 aciium
1070 2202 1156 2244 effe.
1192 2203 1286 2243 Non
1318 2213 1454 2254 magna
1479 2200 1526 2240 de
1555 2199 1674 2240 causa

407 2274 614 2315 tantopere
628 2261 782 2303 aestuat.
798 2260 896 2300 Eum
905 2290 919 2307 ,
933 2259 980 2300 de
997 2271 1079 2313 quo
1095 2258 1156 2299 hic
1168 2258 1248 2311 agit
1263 2253 1516 2307 Thucydides
1525 2283 1539 2301 ‚
1553 2253 1673 2294 alium

408 2316 485 2357 effe
501 2316 550 2356 ab
572 2315 659 2365 illo,
682 2328 798 2370 quem
817 2327 900 2369 cap.
927 2314 975 2354 16
997 2323 1208 2359 memorat,
1231 2323 1347 2350 nemo
1369 2308 1438 2349 fibi
1457 2307 1566 2348 facile
1585 2320 1675 2362 per·

408 2369 575 2411 suaserit.
596 2370 650 2411 At
675 2370 705 2410 is
733 2370 789 2408 ibi
811 2368 849 2408 in
872 2368 1052 2408 omnibus
1078 2363 1160 2407 edd.
1186 2366 1229 2407 δι
1250 2362 1340 2404 Mff.
1370 2375 1454 2404 uno
1478 2370 1675 2416 excepto,

407 2425 478 2478 qui
499 2423 656 2476 Εὔθυμος
687 2423 827 2472 habet,
849 2421 903 2462 est
931 2418 1164 2472 Εὕθύέημος,
1197 2431 1314 2473 quem
1341 2417 1456 2458 etiam
1483 2429 1572 2457 cum
1594 2415 1677 2455 Eu·

409 2479 644 2532 rymedonte
666 2478 708 2520 δι
722 2477 941 2521 Menandro
959 2475 1087 2531 priore
1104 2485 1237 2529 pugna
1257 2471 1411 2522 navali,
1430 2482 1549 2526 quam
1562 2468 1686 2511 Thu-·
