1702 3112
355 221 443 268 116
638 217 1323 267 THUCYDIDIS

348 318 398 367 ἐκ
415 339 486 366 του
462 312 745 400 ἶπροφανοῧς
757 305 859 378 ὑπερ
875 314 1000 377 σφων
1016 339 1108 374 τους
1120 314 1535 406 Aoexeolaanom‘ovs‘
1513 339 1578 368 ινα
1590 339 1615 377 η

340 387 439 443 ἀπο
452 415 522 452 της
534 391 785 447 Σικελίας’
763 390 1078 456 απαγάγωσιν
1093 389 1254 450 αὐτους,
1269 385 1291 452 ἠ
1304 414 1406 464 προς
1417 415 1464 444 το,
1476 394 1512 444 ὲν
1525 392 1615 445 Σι-

345 473 482 538 κελία
497 467 751 559 στράτευμα
766 469 891 526 ἠσσον
911 464 1128 530 ὠφέλειαν
1145 466 1287 528 ἄλλην
1308 465 1612 539 ἒπιπέμπωσι.

423 537 498 596 εὸ.
526 538 593 594 Το
614 543 690 593 δ’
679 564 715 593 εν
741 565 789 606 τη
815 542 995 610 Κατάνη
1020 543 1274 617 στράτευμα
1297 568 1374 597 των
1392 545 1614 605 Ἀθηναίων

345 616 553 673 ἔπλευσεν
579 614 727 675 εὐθυς’
717 639 786 670 επι
813 617 1036 680 Μεσήνην,
1071 621 1127 678 ὡς
1153 617 1503 692 προδοθησομένην.
1529 643 1611 672 και

342 697 379 747 ἃ
404 718 479 788 μεν
508 695 769 768 ἐπράσσετο,
799 699 874 747 οὐκ
897 692 1067 761 εγενετο.
1093 696 1381 762 Ἀλκιβιάδης
1400 718 1519 764 γαρ,
1543 695 1612 749 ὅτε

341 765 476 839 ἀπῃει
497 774 546 824 ἐκ
563 795 634 832 της
652 776 787 863 ἁρχης
806 769 876 832 ἤδη
889 772 1207 843 μετάπεμπτος
1218 810 1229 828 ,
1251 772 1530 844 επιστάμενος
1549 771 1611 824 ὁτι

346 847 559 911 φεύξοιτο,
588 847 728 939 μηνύει
753 866 836 906 τοις
859 872 937 901 των
967 848 1265 937 Συρακουσίων
1293 854 1438 909 Φίλοις
1462 872 1544 906 τοις
1573 850 1611 901 ἓν

341 923 542 991 Rho-nvn,
563 916 804 982 Ξυνειὸως
763 947 808 974 το
827 921 1005 995 μέλλον.
1035 930 1069 976 οἱ
1094 916 1139 976 δε
1163 922 1255 983 τούς
1282 947 1327 977 τε
1352 923 1504 1020 ἄνδρας
1527 920 1609 977 δίέ-

343 1004 514 1072 φθειραν
538 1022 743 1072 προτερον,
763 1021 841 1051 καί
863 1022 954 1052 τοτε
976 1001 1274 1064 στασιάζοντες
1295 1023 1373 1053 και
1397 1022 1434 1052 εν
1457 999 1608 1060 οπλοις

340 1076 465 1136 ὄντες,
485 1075 735 1149 ἐπεκράτουν
753 1099 816 1145 μη
836 1072 1056 1139 &xeo-&ou
1085 1101 1177 1135 τους
1197 1077 1429 1138 Αθηναίους
1445 1083 1480 1129 οἱ
1494 1100 1606 1128 ταυ-

338 1177 398 1206 τα
417 1153 681 1223 βουλομενοι.
702 1149 858 1223 ἡμέρας
877 1144 922 1204 δε
936 1158 1150 1222 μείναντες
1167 1175 1259 1226 περι
1238 1151 1569 1246 τρισκαίδεκα
1571 1159 1607 1206 οἱ

338 1230 561 1292 Ἀθηναῖοι,
583 1230 638 1287 ὡς
661 1227 951 1315 ἑχειμάζοντο,
968 1251 1046 1280 και
1065 1253 1125 1282 τα
1143 1227 1359 1290 ὲπιτηὸεια
1378 1232 1452 1281 οὐκ
1470 1238 1605 1293 εἰχον,

335 1330 414 1359 και
427 1304 658 1380 προύχωρει
671 1295 800 1360 οὐοεν,
815 1305 1095 1365 ἀκπελθοντες’
1084 1328 1123 1365 ες
1136 1305 1283 1370 Νάξον
1295 1328 1373 1359 και
1351 1303 1604 1380 Θρῖοκας,

333 1473 423 1510 tur,
446 1471 568 1515 utque
585 1458 904 1501 Lacedaemoniis
925 1458 1277 1516 persuaderent,ut
1298 1461 1441 1503 bellum
1464 1461 1605 1504 adver-z

330 1531 395 1573 sus
415 1527 667 1572 Athenienses
686 1528 832 1573 maiore
853 1528 978 1570 studio
1000 1529 1204 1584 propalam
1225 1543 1300 1585 pro
1316 1529 1354 1570 se
1370 1527 1606 1573 administra-2

330 1601 440 1650 ren't3
466 1610 510 1641 ut
532 1598 634 1654 ipsos
655 1599 722 1639 vel
742 1612 765 1639 a
782 1598 908 1640 Sicilia
932 1598 1191 1647 abducerent,
1210 1599 1276 1641 vel
1297 1599 1346 1640 ad
1362 1598 1572 1640 exercitum
1585 1629 1601 1649 ‚

329 1672 399 1726 qui
423 1671 463 1711 in
488 1669 613 1711 Sicilia
634 1679 741 1718 erat,
763 1668 866 1710 aliud
894 1668 1084 1709 auxilium
1112 1669 1263 1710 mittere
1286 1670 1414 1710 minus
1435 1667 1600 1724 poss'ent.

383 1740 565 1782 LXXIV.
593 1737 729 1779 Claffis
751 1748 882 1778 autem
897 1737 1194 1779 Atheniensium
1205 1767 1218 1786 ‚
1236 1750 1336 1791 quae
1350 1738 1397 1778 ad
1408 1737 1601 1780 Catanam

329 1801 413 1856 erat
424 1843 434 1861 ‚
458 1810 669 1852 Meffanam
686 1808 822 1850 versus
841 1810 1035 1850 continuo
1056 1809 1286 1863 navigavit,
1304 1808 1412 1862 quod
1429 1821 1514 1849 eam
1529 1821 1602 1863 per

326 1884 587 1940 proditionem
612 1892 769 1936 captum
796 1881 842 1921 iri
865 1879 1074 1936 sperarent.
1109 1881 1183 1923 Sed
1206 1894 1309 1936 quae
1329 1880 1602 1934 struebantuu

326 1969 410 1997 non
427 1952 695 1995 successerunt.
725 1952 944 1994 Alcibiades
965 1953 1096 2003 enim,
1122 1965 1215 1994 cum
1235 1952 1312 1993 iam
1332 1951 1507 1992 Athenas
1536 1964 1600 1996 re-,

326 2034 493 2066 vocatus
515 2022 717 2077 imperium
738 2019 990 2076 deposuisset,
1009 2020 1132 2062 sciens
1152 2019 1191 2062 se
1205 2019 1375 2062 exsulem
1395 2020 1502 2071 fore,
1518 2020 1598 2074 Sy-

323 2093 603 2136 racusanorum
630 2093 793 2143 amicis‚·
807 2093 876 2147 qui
899 2092 1096 2133 Messanae
1124 2104 1258 2143 erant,
1288 2091 1462 2134 futuram
1489 2092 1598 2134 urbis

320 2164 581 2221 proditionem
595 2194 607 2213 ,
632 2164 744 2204 cuius
765 2173 848 2203 erat
868 2161 1045 2203 conscius
1058 2193 1070 2212 ‚
1088 2163 1282 2204 indicavit.
1304 2162 1365 2203 Illi
1388 2175 1507 2212 vero,
1526 2162 1597 2218 qui

321 2237 418 2278 haec
431 2235 617 2276 volebant
626 2265 640 2283 ‚
654 2234 696 2275 &
714 2234 893 2275 homines
908 2233 1182 2275 interfecerunt
1200 2235 1326 2288 prius,
1340 2247 1458 2290 quam
1472 2234 1595 2276 Athe.

321 2305 470 2348 nienses
487 2304 535 2346 ad
553 2303 694 2352 urbem,
712 2303 955 2352 accederent3
976 2302 1019 2343 δι
1040 2313 1135 2344 tunc
1147 2332 1159 2352 ‚
1180 2316 1270 2344 cum
1288 2303 1342 2344 ob
1362 2302 1591 2347 seditionem

321 2386 449 2418 ortam
474 2375 515 2415 in
535 2375 653 2415 armis
674 2371 812 2424 e'fl'ent,
835 2374 1112 2424 obtinuerunt,
1139 2387 1189 2415 ne
1212 2373 1467 2416 Athenienses
1493 2376 1593 2417 reci·
1661 2364 1673 2399 f'*

319 2456 515 2502 perentur.
548 2444 800 2486 Athenienses
825 2457 946 2494 vero,
969 2443 1117 2486 stativis
1142 2444 1216 2485 illic
1235 2444 1417 2486 tredecim
1440 2445 1592 2488 circiter
1654 2436 1662 2455 ί
1682 2443 1690 2459 ⁷'

319 2518 398 2559 dies
416 2516 576 2568 habitis,
599 2529 691 2558 cum
712 2514 934 2572 tempestate
957 2515 1217 2571 iafflirentur,
1241 2528 1369 2571 neque
1393 2528 1591 2563 commoeq
