1754 3120
371 184 462 248 3ss
569 181 1438 231 ANNOTATIONES

366 271 530 325 πρόηται
554 271 595 312 δι
610 272 663 312 Ν
681 267 805 312 αὗτόν.
829 274 979 312 WAss.
997 273 1092 312 Non
1106 272 1395 327 planeabsurda
1412 272 1468 314 est
1485 273 1642 328 scriptu-

365 339 432 373 ra,
463 339 581 380 quam
603 327 745 380 Margo
773 328 815 367 &
839 326 1028 367 Stobaeus
1046 327 1201 367 habent.
1227 327 1394 368 Dixerat
1417 328 1550 368 Nicias
1565 359 1578 378 ,
1603 328 1641 368 se

367 380 572 421 minimum
595 383 772 421 omnium
796 381 954 434 corpori
974 379 1046 421 suo
1068 381 1214 421 timere.
1234 381 1284 421 Iis
1303 382 1434 422 verbis
1451 382 1555 422 recte
1578 394 1640 422 re-

362 432 527 487 spondet
541 435 637 474 haec
658 433 865 481 sententia,
883 434 978 474 boni
997 435 1094 475 civis
1105 433 1180 475 effe
1201 446 1352 487 partem
1364 435 1533 489 aliquam
1553 449 1642 476 cor-

366 488 475 543 poris
492 489 535 528 &
554 487 782 529 facultatum
799 486 954 528 suarum
979 487 1217 543 reipublicae
1239 489 1482 544 impendere,
1500 490 1544 531 &
1564 502 1640 544 pro

368 554 415 584 ea
437 544 624 583 amittere.

349 609 351 611 ¹
423 597 498 636 ead.
521 597 544 635 l.
563 598 602 637 6.
622 594 821 650 Πρότερον)
839 595 900 636 Ita
915 595 1020 636 haud
1035 594 1157 650 paulo
1176 595 1389 650 elegantius
1401 593 1487 638 Mff.
1502 596 1642 651 Itaque

370 649 518 690 restitui
540 663 616 704 pro
636 650 818 719 προτέρῳ,
834 650 944 703 quod
966 660 1055 690 ante
1075 649 1286 702 legebatur.
1309 650 1452 691 Noster
1471 651 1545 700 lv,
1571 651 1644 705 38,

323 726 328 730 -
371 703 448 744 Τῶν
469 702 639 758 πρότερον
661 705 867 757 ἀρχοντων.
890 703 951 744 Sic
966 702 1062 757 πρίν.
1077 706 1223 744 WAss.
1238 703 1516 759 Aristophanes
1527 705 1647 758 Equi-

368 758 439 797 tib.
475 771 600 812 1352,
624 758 696 799 Aio
735 757 869 809 ύνομοιί
896 772 953 797 τοι
977 757 1068 797 ταῖς
1100 757 1274 812 πρότερον
1296 757 1520 813 ἁμαρτίαις.
1550 759 1644 801 Hoc

369 825 533 866 quoque
559 825 640 854 non
667 827 691 866 p
707 811 811 853 acuit
840 811 964 854 sciolis
991 811 1242 866 quibusdam,
1264 813 1332 867 qui
1357 825 1380 854 e
1398 810 1567 866 πρὸτερον
1589 812 1645 854 fe-

370 878 507 929 cerunt
531 867 751 921 προτέροιιςε
770 866 1100 921 quemadmodum
1121 865 1176 907 est
1199 867 1307 922 apud
1331 866 1488 908 Suidam
1515 868 1555 907 in
1581 866 1644 906 ai-

370 935 584 1014 6ξέῒῇῗί
593 990 626 1030 3.
644 973 836 1030 Ausdegw)
858 974 984 1029 Marg.
1008 974 1193 1022 δηλώσω,
1208 974 1316 1029 quod
1334 961 1450 1015 etiarn
1467 973 1643 1015 Scholia·-

370 1026 443 1069 stes
456 1028 639 1083 agnoscit.
654 1027 758 1069 Infra
770 1042 850 1084 cap.
870 1043 933 1082 19,
949 1028 1118 1080 σημανῶ.
1132 1031 1280 1071 ΨΑεε.
1295 1027 1525 1071 Scholiastes
1541 1028 1644 1072 Cast:

370 1083 597 1124 varietatem
617 1082 827 1138 scripturae
852 1096 934 1123 non
956 1093 1177 1124 annotarat.

426 1138 518 1192 Pag.
542 1152 603 1193 19.
623 1137 650 1177 l.
677 1136 928 1191 4.”Επροιξα.ν
950 1134 1102 1191 αὐτὲις)
1131 1137 1223 1179 Hoc
1242 1150 1327 1179 non
1347 1137 1400 1178 ita
1420 1137 1647 1192 intelligens

370 1190 464 1231 dum
484 1191 562 1239 est,
637 1190 688 1232 asi
706 1191 826 1239 dicat,
847 1204 936 1240 eos,
963 1192 1031 1245 qui
1055 1192 1172 1249 primi
1195 1191 1274 1232 hoc
1294 1190 1431 1233 foedus
1451 1191 1648 1241 fecerunt,

369 1245 463 1285 illud
482 1245 528 1286 de
539 1247 581 1286 in
608 1245 724 1286 ustria
736 1246 791 1286 ita
808 1245 958 1293 feciffe,
969 1256 1014 1286 ut
1031 1244 1188 1286 firmum
1206 1245 1281 1286 effe
1299 1258 1380 1286 non
1391 1245 1536 1300 posset:
1554 1259 1647 1287 nam

370 1299 588 1340 Plistoanax
600 1313 671 1343 rex
688 1300 1085 1341 Lacedaemoniorum
1096 1330 1109 1350 ,
1126 1299 1169 1340 δι
1185 1300 1316 1365 N‘ffias
1328 1299 1410 1354 ipse
1422 1329 1436 1348 ,
1449 1299 1519 1354 qui
1538 1313 1648 1354 prae-

373 1353 478 1407 cipui
500 1354 605 1394 illius
633 1354 815 1395 auctores
841 1353 1014 1404 fuerant,
1034 1354 1073 1393 id
1097 1355 1286 1400 omnino,
1312 1367 1403 1395 cum
1428 1352 1649 1401 faciebant,

370 1419 499 1448 ratum
523 1407 600 1449 effe
630 1408 863 1463 cupiebant,
887 1418 932 1449 ut
959 1408 1074 1449 docet
1102 1407 1356 1461 Thucydides
1378 1407 1459 1455 lv,
1489 1407 1570 1457 163-
1583 1407 1648 1448 sed

371 1461 506 1503 deinde
538 1462 635 1503 alios
659 1463 776 1503 variis
799 1462 947 1503 artibus
971 1460 1160 1509 effeciss'e,
1184 1475 1236 1502 ne
1260 1460 1419 1503 firmum
1447 1461 1550 1503 effet-
1583 1461 1649 1503 Sic

372 1518 478 1559 recte
490 1515 731 1558 Scholiastes.
750 1516 799 1558 Et
813 1517 890 1558 hoc
904 1517 1094 1558 convenit
1111 1515 1380 1570 fignificationi
1397 1516 1509 1558 vocis
1527 1515 1649 1570 πράσ-

374 1585 452 1612 σειν
463 1602 478 1618 ,
491 1584 569 1625 qua
589 1569 745 1612 infinitis
766 1570 863 1613 locis
883 1571 1007 1612 utitur
1021 1570 1273 1623 Thucydides
1294 1569 1341 1611 de
1353 1570 1420 1611 his
1431 1601 1446 1618 ,
1464 1570 1532 1624 qui
1546 1582 1649 1624 quo-

371 1637 528 1680 cunque
550 1626 671 1673 dolo,
700 1635 781 1666 arte
801 1639 847 1668 ac
874 1624 1010 1666 fraude
1036 1624 1179 1679 aliquid
1201 1624 1417 1665 moliuntur
1440 1637 1486 1665 ac
1508 1624 1649 1664 machi·

373 1690 525 1721 nantur.
551 1679 630 1721 Etsi
661 1680 807 1735 alioqui
836 1680 950 1721 etiam
975 1680 1031 1727 ii,
1053 1680 1122 1733 qui
1142 1678 1179 1718 id
1200 1688 1320 1732 agunt
1344 1691 1390 1720 ac
1414 1675 1585 1726 student,
1603 1688 1649 1718 ut
1722 1724 1754 1738 Ι

374 1733 578 1828 firmffpfiat
588 1747 682 1830 ,pax
704 1735 746 1775 δι
771 1733 950 1783 societas,
972 1733 1075 1774 reste
1096 1731 1256 1787 possunt
1275 1733 1351 1773 dici
1371 1731 1558 1786 πράσσειν
1576 1734 1652 1772 τὰς

376 1802 473 1829 6701!
506 1803 566 1829 οὓς.

629 1789 842 1841 hucydides
863 1788 950 1836 IV,
979 1802 1055 1842 43,
1080 1782 1169 1827 ‘Ora
1201 1787 1233 1827 οἱ
1266 1785 1550 1838 Λακεέοιομόνιοι
1580 1785 1651 1826 ἒιέι

374 1843 497 1882 Νικίου
511 1843 575 1883 καὶ
598 1842 783 1899 Λάχητος
800 1841 972 1896 ἔπραξαν
988 1844 1063 1881 τὰς
1083 1841 1270 1883 σπονδάς.
1291 1841 1341 1882 Et
1354 1839 1431 1890 III,
1444 1853 1495 1893 75
1508 1869 1523 1887 ‚
1544 1838 1650 1892 Ξὺμ-
1711 1868 1744 1891 52„

374 1896 487 1942 βασίν
510 1911 555 1937 τε
577 1896 771 1949 ἔπρασσε,
792 1896 857 1937 καὶ
881 1895 996 1937 πείθει
1014 1894 1273 1949 ξυγχωρῆσαι
1299 1894 1498 1936 ἀλλήλοις.
1521 1893 1665 1947 Quod=

374 1962 506 1992 autem
528 1951 583 1991 ad·
596 1949 853 1992 diversitatem
875 1949 1090 2004 scripturae
1113 1951 1274 1997 attinet,
1295 1948 1327 1989 fi
1351 1948 1575 2003 putabimus
1590 1960 1654 1988 re·
1708 1952 1716 2002 ᾗ
1743 1962 1754 1975 ¹

373 2005 575 2046 tinendum
603 2004 679 2047 ess'e
701 2001 849 2054 οιῦτὲιξ,
872 2003 940 2059 sup
968 2004 1124 2045 lendum
1149 2005 1223 2044 erit
1255 1999 1371 2044 ε’ῗνακ
1391 2002 1448 2042 fin
1471 2002 1549 2043 hoc
1578 2002 1652 2042 mi·
1708 2045 1711 2054 ,

374 2072 449 2100 nus
474 2059 626 2112 placet,
648 2072 740 2100 cum
756 2059 913 2122 optimis
999 2058 1176 2112 plurimis
1201 2057 1306 2098 libris
1331 2068 1395 2097 me
1413 2067 1496 2097 non
1520 2057 1652 2096 invito

376 2113 615 2166 praeferatur
639 2109 756 2154 αὐτοὶ.
781 2110 891 2154 Ου’τω
911 2110 1084 2165 ἔπραξαν
1102 2106 1232 2159 αὐτὰ,
1252 2112 1307 2152 ita
1329 2110 1393 2151 ina
1417 2109 1652 2160 traaarunt,
1704 2105 1739 2135 ’ἵ

376 2168 402 2206 i.
419 2181 454 2208 e.
469 2167 511 2208 &
523 2181 546 2208 e
559 2167 697 2208 nostris
711 2167 754 2207 δι
777 2180 827 2208 ex
840 2166 1149 2208 Lacedaemoniis
1168 2164 1324 2220 quidam
1340 2177 1387 2206 ea
1398 2163 1523 2205 moliti
1538 2162 1652 2213 sunt,

376 2222 419 2261 δι
436 2220 832 2284 artibus-quibusdam
856 2220 1071 2262 effecerunt
1084 2250 1098 2268 ,
1121 2230 1166 2260 ut
1181 2220 1342 2260 nomine
1358 2228 1474 2261 tenus
1490 2217 1652 2268 foedus,
1707 2234 1711 2246 -’
1731 2275 1733 2278 Ι

375 2287 418 2316 re
441 2274 522 2330 ipsa
546 2289 705 2316 numme
725 2274 884 2316 firmum
905 2274 1009 2315 esset.

391 2360 394 2363 .
430 2330 518 2370 ibid.
540 2329 765 2380 Σφοιλέντων
788 2329 891 2382 που)
914 2328 1160 2370 Camerarius
1178 2326 1386 2368 lectionem
1404 2324 1511 2367 suam
1532 2339 1555 2366 e
1574 2323 1649 2366 Ms.
1700 2346 1703 2361 a
1738 2358 1742 2372 ›.

377 2382 624 2432 dedit,non,
643 2383 751 2438 quod
767 2383 833 2424 sus
852 2384 945 2423 icari
967 2383 1103 2436 aliquis
1121 2381 1272 2436 poffite
1289 2382 1386 2421 Var.
1409 2380 1516 2421 Lect.
1539 2379 1656 2420 Hud-

376 2435 482 2487 soni,
509 2451 532 2478 e
553 2437 788 2480 coniectura.
855 2437 953 2477 ddit:
980 2452 1066 2490 quae
1085 2437 1176 2476 leflc'o
1197 2451 1266 2475 non
1289 2436 1536 2475 incommodum
1555 2435 1654 2474 habet

376 2492 588 2535 intelletlum.
615 2492 778 2535 alteram
798 2501 926 2535 tamen
948 2489 1174 2534 Scholiastes
1194 2489 1350 2532 secutus
1373 2488 1458 2532 fuit.
1477 2489 1573 2531 Non
1592 2487 1653 2530 vi-
1668 2507 1683 2513 *
1706 2511 1715 2532 ,π
