1754 3120
385 196 478 247 372

430 340 1613 467 ANNOTATIONES

655 573 758 620 IN
826 572 1235 621 LIBRUM
1298 573 1394 621 VI.

438 860 497 901 Pa
523 892 531 901 .
554 875 591 912 4.
613 860 638 900 l.
668 873 701 901 1.
721 860 844 901 Ὀκτὼ
864 858 1029 915 ἦμερῶν)
1054 861 1248 915 Quinque
1268 857 1403 901 diebus
1425 859 1467 901 &
1490 858 1651 900 totidem

383 916 492 957 nocti
519 929 590 963 us,
610 915 790 969 Ephorus
819 916 921 970 apud
947 915 1200 965 Strabonem,
1223 916 1264 955 in
1288 916 1384 956 Var.
1411 914 1516 955 Lect.
1542 916 1655 955 Hud-

383 967 483 1011 soni.
511 970 584 1011 Sed
605 982 655 1010 an
675 983 775 1009 nave
799 970 1003 1016 oneraria,
1017 983 1066 1009 an
1088 970 1325 1023 expeditiore
1339 968 1488 1031 aliqua?
1507 971 1653 1010 WAss.

386 1024 565 1064 Annotat
586 1024 647 1064 hic
666 1023 835 1064 Aeacius
848 1037 871 1064 e
890 1023 1059 1077 Quintil.
1081 1023 1105 1065 I
1123 1022 1240 1063 Instit.
1256 1023 1367 1063 Orat.
1395 1036 1443 1062 10
1457 1035 1496 1062 in
1510 1021 1576 1063 fin.
1596 1036 1655 1063 re-

385 1078 594 1131 prehensos
618 1091 643 1117 a
662 1077 882 1118 Geometris
907 1077 981 1118 effe
1001 1077 1217 1118 Historicos
1227 1106 1242 1125 ,
1269 1078 1337 1131 qui
1356 1077 1655 1131 magnitudinem

383 1132 592 1173 insularum
614 1131 700 1172 satis
727 1130 931 1185 significari
953 1132 1210 1186 navigationis
1237 1132 1386 1171 ambitu
1413 1131 1657 1172 crediderint.

384 1186 594 1227 Rationem
623 1185 927 1239 reprehensionis
944 1185 1358 1239 additQuintilianus3
1375 1185 1443 1224 ubi
1470 1184 1653 1226 Pithoeus

384 1240 490 1281 hunc
516 1241 647 1281 locum
666 1241 787 1281 citans
804 1239 1138 1293 reprehensionem
1159 1240 1260 1280 illam
1283 1240 1395 1280 etiam
1418 1239 1465 1279 ad
1487 1239 1654 1292 Thucy-

382 1295 509 1335 didem
537 1294 729 1349 pertinere
762 1294 919 1334 videtur
941 1293 1174 1335 existimasse.
1200 1294 1273 1334 Sed
1294 1292 1545 1345 Thucydides
1569 1304 1656 1333 tan·

383 1358 471 1388 tum
493 1348 540 1389 de
566 1349 716 1389 ambitu
743 1347 892 1389 Siciliae
914 1348 1113 1402 loquitur,
1133 1361 1263 1402 neque
1279 1360 1329 1388 ex
1359 1360 1410 1388 eo
1440 1347 1652 1402 quidquam

381 1403 431 1444 de
450 1402 710 1456 magnitudine
731 1402 829 1443 illius
847 1402 1008 1455 colligit.

438 1459 515 1496 ead.
533 1457 559 1496 l.
581 1472 615 1497 2.
640 1455 761 1497 Εἴκοσι
797 1457 892 1496 Huc
916 1455 1080 1511 respexit
1098 1455 1285 1496 Aristides
1297 1455 1358 1497 Cl.
1375 1454 1519 1502 Iebbii,
1539 1454 1652 1507 Orat.

384 1509 570 1564 Cyzicen.
592 1512 739 1551 WAss.
793 1509 823 1549 st
845 1511 884 1550 in
908 1511 998 1566 editm.
1017 1511 1175 1551 Canteri
1195 1510 1314 1550 Tom.
1339 1509 1383 1560 Ι,
1408 1524 1446 1563 p.
1472 1523 1564 1560 417.

406 1568 512 1620 mead.
537 1565 561 1605 l.
588 1579 622 1619 3.
641 1567 693 1614 Τῖο,
707 1563 762 1616 μὴ
787 1562 931 1618 ἶν’πειρος
955 1564 1078 1619 noega)
1102 1564 1280 1605 Demetr.
1294 1563 1440 1604 Phaler.
1462 1563 1479 1614 §
1501 1577 1552 1614 72
1573 1576 1650 1618 pro

384 1620 482 1659 οὐσα
505 1618 597 1671 legit
617 1615 723 1660 εἶναι.
743 1620 891 1659 WAss.
914 1619 987 1659 Sed
1002 1620 1096 1658 οὐσα
1114 1617 1169 1658 est
1186 1619 1224 1658 in
1243 1617 1426 1658 omnibus
1438 1615 1586 1671 scriptis
1604 1618 1649 1660 δι

381 1673 503 1766 epitisl
514 1672 786 1735 Thucydidis:
814 1673 1062 1727 participium
1086 1685 1161 1727 pro
1188 1671 1410 1720 infinitivo,
1439 1682 1484 1712 ut
1520 1671 1651 1714 multis·
1738 1687 1742 1694 ‘

380 1740 404 1767 a
419 1740 464 1767 us
505 1739 601 1768 ocis.

439 1784 513 1821 ead.
533 1782 558 1820 l.
580 1796 618 1828 4.
636 1779 788 1821 Taele&
809 1778 911 1835 ἔθνη)
933 1780 1060 1821 Adeas
1077 1780 1281 1834 Scylacem
1304 1793 1392 1835 pag.
1412 1793 1464 1830 4,
1491 1778 1650 1833 Stepha-

380 1847 476 1875 num
490 1865 505 1882 ,
530 1834 658 1876 Schol.
676 1835 857 1875 Nicandri
876 1835 953 1884 46,
982 1835 1024 1875 &
1045 1835 1228 1876 Tzetzem
1256 1834 1304 1875 ad
1329 1833 1583 1888 Lycophron.
1602 1847 1647 1876 v.

382 1903 458 1944 951
488 1888 591 1943 seqq.
618 1892 763 1930 WASS.

437 1947 510 1983 ead.
534 1945 557 1982 l.
585 1943 622 1983 6.
644 1942 847 1984 Κύκλωπες
869 1943 935 1983 καὶ
957 1941 1252 1998 Λαιστρυγόνες)
1268 1943 1358 1984 vid.
1371 1942 1576 1997 spanhem.
1597 1939 1647 1983 ad

382 1996 607 2038 Callimach.
634 1998 787 2049 Hymn.
810 1998 851 2036 in
871 1996 988 2037 Dian.
1012 2012 1053 2038 v.
1075 1997 1139 2048 67.

436 2055 510 2091 ead.
526 2052 550 2091 l.
576 2064 635 2092 10.
656 2051 955 2106 Ἐνοικισάμενοι)
973 2050 1011 2092 Si
1031 2052 1075 2092 δι
1092 2051 1156 2091 alii
1174 2049 1327 2105 probati
1338 2047 1541 2104 scriptores
1559 2047 1647 2089 ἐνοι·

380 2104 492 2156 κίζειν
510 2117 558 2145 ea
578 2103 876 2159 significatione,
901 2118 1020 2159 quam
1044 2106 1107 2146 hic
1131 2105 1242 2146 locus
1267 2103 1458 2158 postulat,
1486 2102 1619 2142 dicunt
1629 2133 1645 2153 ‚

380 2159 484 2199 recte
502 2159 626 2199 habet.
646 2159 810 2213 Alioqui
823 2159 1002 2213 praefero
1020 2158 1247 2214 scripturam
1262 2158 1367 2198 Clar.
1379 2158 1422 2198 δι
1440 2156 1542 2199 Cass.
1556 2156 1645 2196 ἐνοι-

380 2213 597 2264 κησάμενοι.
624 2213 805 2265 Thucyd.
836 2212 919 2260 111,
943 2213 1021 2260 68,
1043 2213 1115 2255 Τὴν
1142 2213 1189 2254 ἑὲ
1212 2215 1323 2253 πόλιν
1350 2211 1555 2266 Μεγαρέων
1575 2209 1644 2251 ἁν-

379 2265 514 2320 ἒρέισιν
534 2266 670 2307 ἔθυσαν
691 2267 846 2308 ἐνοικεῖν.

434 2321 526 2374 Pag.
554 2334 587 2374 ς.
612 2321 636 2360 l.
660 2321 696 2361 6.
715 2315 914 2375 ’Ἑγεσ-τα)
937 2321 1039 2362 Vide
1063 2318 1288 2362 Salmafium
1310 2333 1346 2373 p.
1370 2318 1421 2370 78
1443 2318 1480 2358 b.
1494 2318 1646 2359 WASS.

433 2377 507 2414 ead.
528 2375 552 2413 I.
585 2388 643 2415 10.
672 2373 883 2468 ’ommiaess
902 2374 972 2415 Gr.
997 2374 1186 2414 Ὀπίκους.
1212 2373 1315 2427 apud
1336 2372 1574 2427 Stephanum
1599 2371 1642 2412 δι

377 2427 476 2468 alios
498 2427 657 2468 Ὀπικοί.
678 2429 824 2468 WAss.
885 2440 906 2467 e
921 2427 1059 2482 Opicis
1077 2427 1301 2470 sententiam
1321 2426 1560 2482 Thucydidis
1581 2437 1644 2472 req

379 2481 453 2523 fert
476 2481 602 2525 Dion.
622 2481 816 2524 Halicarn.
840 2482 888 2531 1,
911 2496 973 2523 22.

1739 2724 1751 3027 ἕ

1736 3044 1742 3095 l
