1754 3120
426 176 523 238 '428
630 170 1494 225 ANNOT'ATIONES

425 261 469 301 in
500 261 723 316 Lexiphane
750 264 867 304 etiam
898 263 972 304 alia
999 264 1264 318 reprehendit,
1295 265 1437 320 quibus
1461 276 1591 306 tamen
1615 265 1694 321 ipse

427 314 520 356 alibi
538 316 597 356 uti
619 329 700 357 non
718 317 919 358 dubitavit.

483 370 543 409 Pa
567 399 577 409 .
603 383 691 424 154·
713 371 739 410 l.
763 385 797 425 3.
816 369 1079 424 Ξυνεστῶτες)
1104 372 1217 412 Hanc
1239 386 1380 414 vocem
1408 372 1494 420 hic,
1516 383 1560 414 ut
1583 372 1695 424 alias,

427 435 524 463 nece
555 424 676 463 ariam
690 453 702 471 ‚
730 423 911 464 mendose
944 425 1089 465 omittit
1113 425 1184 466 Gr.
1209 425 1339 467 Ceteri
1371 440 1461 468 cum
1484 427 1696 469 Scholiaste

357 495 359 498 ·
429 476 645 531 agnoscunt
664 489 812 517 omnes.
833 479 979 518 WAss.

353 545 358 552 ·
427 583 431 586 ι
483 533 558 570 ead.
580 531 605 570 l.
630 531 667 572 6.
697 534 763 572 Τὸν
785 531 952 586 Λέοντα)
977 531 1043 572 De
1070 531 1147 572 hoc
1170 532 1258 573 vide
1286 532 1517 575 Cluverium
1543 535 1562 575 I
1587 533 1689 575 Sicu.

431 582 527 624 Ant.
559 597 630 632 12,
651 597 742 638 pag.
774 585 929 636 171.&
954 585 1001 625 de
1027 585 1184 640 Thapso
1209 587 1298 627 ibid.
1326 600 1412 642 cap.
1438 602 1461 628 2
1485 589 1527 628 in
1551 587 1618 628 fin.
1646 588 1694 628 de

429 651 516 692 quo
535 639 650 678 etiam
669 639 892 693 interpretes
913 638 1107 692 Stephani.
1138 668 1146 675 ,

485 693 560 731 ead.
583 692 608 731 l.
634 706 695 746 15.
714 695 761 731 To
781 689 980 747 Εὗρὺηλον)
1004 692 1110 732 Infra
1134 692 1213 733 VII
1226 723 1238 741 ‚
1262 708 1284 733 2
1297 724 1310 741 ,
1331 696 1396 734 τὶν
1416 691 1604 748 Εὖρὺηλον.
1631 695 1696 736 hic

427 743 728 786 subaudiendum
748 747 958 801 πολίχνιον.
981 747 1082 787 Vide
1098 747 1344 801 Stephanum.
1364 749 1510 789 WAss.

487 800 580 853 Pag.
609 813 694 854 155.
713 800 738 840 l.
767 815 800 841 1.
818 801 879 840 Ἐκ
898 798 966 840 τοῦ
983 800 1157 853 λειμῶνος
1176 801 1242 842 τῆς
1266 801 1496 856 ἐξετάσεως)
1513 802 1596 843 Vix
1615 814 1696 843 cre-

428 851 484 893 do
505 852 656 894 Graece
679 853 755 894 dici
776 853 883 909 poffe
903 850 923 894 ἧ
944 853 1118 907 ἐξέτασις
1135 854 1202 895 τοῦ
1219 855 1417 907 λειμῶνος,
1436 869 1510 908 pro
1533 858 1695 910 recensio,

429 922 517 961 quae
530 909 580 959 fit
595 908 631 947 in
649 921 773 959 prato.-
798 922 886 949 nam
909 907 947 948 in
972 909 1131 962 vulgata
1154 908 1339 962 scriptura
1358 909 1454 949 haec
1476 922 1558 950 non
1580 910 1690 950 aliter

431 961 553 1015 accipi
576 961 742 1015 poss'unt.
761 962 824 1002 Co
853 963 938 1011 ula,
954 964 1074 1016 quam
1101 964 1274 1017 quinque
1298 962 1427 1018 scripti
1452 963 1615 1013 habent,
1637 965 1696 1003 in-

431 1013 616 1068 terpofita
641 1015 744 1056 tollit
767 1017 802 1056 di
845 1016 1039 1057 cultatem.
1223 1025 1225 1027 ’

497 1071 573 1108 ead.
598 1070 622 1109 l.
660 1084 693 1124 3.
722 1067 988 1124 Ἕπτιικὸσιοι)
1020 1069 1242 1112 Hudsonus'
1258 1071 1407 1111 dubitat
1433 1083 1522 1111 cum
1550 1069 1696 1120 Porto,

430 1131 567 1163 utrum
587 1123 672 1172 hic,
696 1135 740 1164 ut
771 1124 892 1178 paulo
920 1135 1031 1170 ante,
1055 1125 1260 1178 legendum
1285 1124 1330 1164 fit
1357 1123 1578 1165 ἑπτακόσιοι
1603 1137 1695 1166 cum

432 1176 560 1217 Codd.
582 1178 654 1217 Ar.
674 1177 715 1218 &
739 1177 786 1218 C.
808 1192 858 1219 an
876 1177 988 1232 supra
1010 1191 1171 1232 quoque
1194 1177 1382 1232 ἑξακὸσιοι
1396 1209 1408 1226 ,
1433 1189 1478 1218 ut
1498 1178 1559 1218 hic
1608 1179 1696 1219 leri·

430 1243 512 1283 que
533 1229 616 1271 Mff.
638 1232 682 1273 &
704 1232 786 1271 edd.
813 1233 869 1272 At
890 1233 930 1272 in
955 1232 1084 1286 priore
1110 1233 1200 1273 loco
1228 1245 1308 1272 non
1335 1232 1489 1272 variant
1513 1233 1558 1272 M
1591 1262 1599 1271 .
1620 1232 1695 1272 Ita-

431 1297 511 1336 que
528 1284 593 1326 hic
610 1285 814 1338 legendum
834 1285 888 1327 est
903 1285 1134 1327 ἑπτακόσιοι.
1155 1287 1197 1326 δι
1218 1287 1271 1327 ita
1289 1285 1533 1327 restituimus.
1548 1288 1694 1327 WAss.

431 1337 586 1379 Rursus
606 1350 734 1380 tamen
759 1338 948 1393 ἑξακόσιοι
974 1338 1079 1390 VII,
1097 1355 1159 1394 43.
1750 1340 1754 1382 ἶ

486 1396 561 1433 ead.
589 1394 615 1433 l.
649 1406 664 1432 1
699 1423 708 1434 .
728 1395 810 1435 Ἐπὶ
834 1393 890 1444 τῷ
919 1393 1137 1448 Λαβέέιλῳ)
1165 1393 1229 1434 De
1248 1392 1320 1433 fitu
1351 1393 1508 1434 Labdali
1535 1392 1698 1447 disputat
1748 1391 1754 1444 j

431 1445 646 1487 Cluverius
662 1408 799 1488 ssicil.
814 1447 907 1488 Ant.
930 1462 997 1496 12,
1015 1461 1099 1502 pag.
1125 1447 1210 1498 148.
1235 1446 1432 1498 Aavso'mq.»
1447 1460 1520 1501 pro
1533 1447 1695 1494 Λαβὸέι-
1748 1478 1754 1509 3

431 1511 486 1550 λῳ
508 1501 550 1540 in
573 1500 672 1541 Cod.
695 1501 795 1556 Reg.
824 1501 879 1542 est
903 1515 925 1541 a
950 1501 1076 1555 figura
1102 1501 1255 1550 literae,
1277 1512 1309 1542 υ
1334 1502 1474 1542 Latino
1496 1514 1578 1542 non
1594 1499 1696 1541 diffi-

433 1554 537 1601 mili,
560 1567 662 1609 quae
683 1555 805 1596 obvia
824 1555 879 1596 est
901 1556 939 1595 in
961 1555 1082 1596 Mfftis
1107 1569 1180 1610 pro
1207 1556 1242 1602 β.
1505 1590 1508 1610 2
1741 1549 1754 1596 l

488 1608 580 1662 Pag.
609 1610 695 1661 156.
720 1610 744 1650 l.
766 1625 802 1650 2.
825 1608 1024 1664 Ἀποθὴκη)
1047 1609 1186 1650 Pollux
1198 1609 1371 1650 ordinem
1386 1608 1516 1650 turbat
1533 1608 1596 1657 X,
1622 1621 1695 1659 10,

431 1660 515 1702 τοῖς
534 1677 579 1702 τε
603 1662 779 1717 χρῆμασι
801 1664 866 1704 καὶ
896 1663 979 1704 τοῖς
1003 1662 1172 1704 σκεύεσιν
1198 1663 1379 1704 ἀποθήκη.
1402 1664 1470 1703 ubi
1490 1661 1580 1703 Mff.
1603 1658 1695 1703 ὑπο.

430 1712 519 1758 θήκη
542 1730 758 1771 perperam.
781 1715 977 1759 σκευοθήκη
995 1716 1050 1757 est
1073 1717 1176 1772 apud
1195 1716 1418 1758 Aeschinem
1447 1718 1488 1758 δι
1515 1716 1695 1768 Aeschy-
1739 1766 1741 1769 Ι

429 1770 528 1810 lum.
555 1770 735 1820 Gloss'ae‚
767 1769 958 1818 ἀποθήκη,
982 1773 1159 1819 horreum,
1185 1773 1396 1824 granarium.
1424 1770 1695 1823 ἀποθηκάριος,
1737 1793 1742 1811 .—

429 1825 632 1865 lzorrean'us.
654 1824 716 1865 Sic
742 1825 783 1865 in
806 1826 913 1866 Nov.
942 1824 1109 1866 Testam.
1136 1827 1179 1866 &
1195 1826 1316 1866 LXX.
1331 1826 1478 1865 WAss.

485 1882 560 1918 ead.
583 1880 607 1919 l.
628 1892 666 1932 9.
689 1882 783 1933 Hpbe
807 1879 875 1920 τὴν
899 1877 1019 1920 Συκῆν
1065 1879 1278 1933 Stephanus
1299 1880 1339 1918 in
1356 1877 1480 1919 Συκοιί
1492 1890 1502 1918 :
1525 1878 1591 1919 καὶ
1613 1876 1693 1917 ἄλ·
1733 1910 1738 1911 ⁷

429 1944 480 1974 λη
503 1931 604 1973 Συκὺ
629 1932 711 1986 (ita
729 1934 847 1974 etiam
869 1933 930 1973 hic
954 1932 1025 1974 Gr.
1073 1933 1232 1974 πλησίον
1253 1930 1497 1986 Συρακουσόν
1510 1961 1522 1978 ,
1552 1931 1616 1971 καὶ
1631 1936 1694 1970 Κι-

427 1985 565 2026 λικίοις.
587 1986 652 2027 De
674 1986 746 2028 hac
767 1987 1037 2040 Thucydidem
1057 1988 1121 2027 hic
1142 2000 1165 2027 a
1191 2000 1255 2027 ere
1276 1996 1385 2040 putat
1406 1984 1628 2026 Holstenius
1645 1984 1694 2025 ad

429 2039 680 2094 Stephanum.
697 2040 770 2082 Sed
791 2041 954 2089 metius,
975 2042 1136 2096 opinor,
1209 2041 1369 2082 uverius
1389 2053 1463 2095 pro
1484 2049 1592 2094 parte
1611 2038 1691 2092 Sy-

427 2093 651 2135 racusarum
665 2124 677 2143 ,
695 2095 763 2135 cui
779 2095 923 2148 Tyche
942 2108 1085 2135 nomen
1106 2106 1212 2144 erat,
1232 2094 1386 2148 accipit.
1482 2125 1485 2127 .

480 2149 574 2200 Pag.
599 2161 687 2202 157.
713 2149 736 2190 l.
761 2164 801 2199 -4.
825 2148 1046 2202 Λιθοφορεῖν)
1070 2149 1212 2189 Pollux
1235 2147 1337 2195 VII,
1372 2161 1387 2188 1
1402 2146 1458 2188 18.
1485 2147 1587 2188 Vide
1611 2147 1695 2188 He-

429 2201 616 2242 rodotum
635 2202 689 2251 11,
718 2216 813 2253 ¹24,
840 2216 926 2256 175.
941 2205 1090 2243 WAss.

479 2258 555 2295 ead.
577 2255 602 2295 l.
623 2270 656 2310 5.
679 2257 923 2312 Μωκρότερον)
950 2256 1191 2297 probabilius
1208 2255 1286 2303 est,
1311 2255 1387 2295 hoc
1407 2253 1482 2295 else
1499 2254 1548 2294 ab
1570 2254 1691 2308 impe·
1713 2290 1721 2302 ,

426 2308 504 2348 rito
523 2309 657 2362 aliquo
686 2309 808 2350 scriba
822 2342 835 2360 ,
858 2324 974 2365 quam
990 2312 1244 2364 μακροτέραν,
1269 2309 1376 2363 quod
1395 2317 1566 2362 quatuor
1589 2309 1691 2363 opti·

427 2362 484 2402 mi
509 2361 596 2403 libri
621 2363 814 2405 exhibent.

480 2417 561 2456 ibid.
591 2415 692 2457 Φυλὺ
717 2416 819 2472 μία.)
843 2416 1022 2458 Annotat
1043 2417 1106 2458 hic
1126 2417 1294 2458 Aeacius
1318 2429 1340 2456 e
1366 2416 1530 2470 Sigonio
1552 2416 1612 2456 lv
1642 2414 1691 2456 de

428 2469 600 2526 Republ.
621 2469 766 2513 Athen.
804 2485 849 2527 5,
875 2471 1125 2514 Athenienses
1145 2472 1186 2512 in
1211 2469 1278 2513 sua
1298 2483 1493 2526 quemque
1516 2470 1617 2511 tribu
1635 2469 1705 2517 in-
