1754 3120
373 160 468 219 416
578 154 1454 206 ANNOTATIONES

372 243 606 285 Corinthum
630 243 672 285 &
694 244 1022 285 Lacedaemonem
1036 245 1130 286 miffi
1152 244 1258 296 sunt,
1280 259 1361 287 non
1380 245 1513 296 fuiffe,
1533 246 1649 288 intel·

371 299 438 354 ligi
462 298 587 353 potest
611 311 634 338 e
657 310 743 352 cap.
769 311 836 350 75.

427 354 521 405 Pag.
545 352 631 392 116.
650 354 674 392 l.
698 366 735 405 9.
761 352 933 407 Μεσῆνῃ)
957 351 1127 404 Meo-crim
1150 353 1212 394 Cl.
1232 354 1303 395 Gr.
1321 355 1378 395 At
1396 368 1485 396 cum
1506 354 1647 409 vulga⁴

371 408 424 448 tis
448 406 655 459 Lycurgus
672 406 759 445 adv.
781 406 919 446 Leocr.
947 419 1032 456 140.
1047 417 1176 447 tamen
1193 421 1280 462 pag.
1309 412 1381 458 167
1405 411 1647 451 Μεσσηνίους.

375 461 480 502 Cum
506 475 558 501 σσ
588 460 702 500 etiam
726 459 983 513 Theophrast.
1006 459 1124 507 VIII,
1150 475 1194 514 3,
1225 462 1267 502 δι
1293 461 1356 502 sae
1383 476 1406 503 e
1428 463 1644 516 Polybius,

375 515 521 562 Numi,
549 514 714 562 Strabo,
740 514 993 560 Herodotus,
1018 513 1242 563 Diodorus,
1266 476 1478 559 Paugnias.
1494 519 1647 558 WAss.

431 571 506 608 ead.
526 569 550 608 l.
573 582 633 617 14.
656 566 895 608 Ἀπελθόντες
918 569 955 607 ἐς
975 567 1096 621 Νάξον
1117 570 1181 609 καὶ
1205 567 1382 624 Θρᾷκας)
1404 571 1533 612 Locus
1552 585 1646 626 pro-

374 623 441 664 cul
462 622 582 662 dubio
607 632 827 675 corruptus.
848 622 1052 676 quomodo
1064 623 1167 663 enim
1186 623 1355 664 Thracia
1370 625 1416 664 ad
1437 625 1551 665 talem
1576 638 1652 665 ex·-

376 677 611 732 peditionem
636 678 883 729 opportuna?
907 676 992 730 Ego
1017 687 1147 716 autem
1171 677 1310 717 censeo
1336 679 1499 719 omnino
1517 679 1650 733 legen·

376 732 469 771 dum
494 729 590 777 effe,
615 728 845 770 ἀπελθόντες
866 730 904 770 ἐς
924 730 1068 783 Νάξον,
1094 731 1159 770 καὶ
1174 731 1335 784 &panion
1347 731 1556 786 σταύρωμα
1575 748 1650 773 πε-

375 785 406 839 ρὶ
429 788 473 824 τὶ)
491 783 758 838 στρατόπεὲοι(
774 782 1034 835 ποιησάμενοι.
1052 783 1210 827 Scalmis
1229 784 1370 826 scilicet
1386 798 1410 827 e
1425 787 1651 827 triremibus

375 838 510 880 ablatis
536 837 594 878 usi
618 836 707 878 sunt
738 838 785 877 ad
808 839 1013 879 munienda
1036 837 1168 880 castra.
1198 839 1237 879 Si
1270 841 1359 893 quis
1386 853 1485 882 vero
1508 850 1619 895 pntet
1634 870 1650 888 ,

375 894 467 933 ideo
489 892 761 944 Thucydidem
782 891 961 946 scripfiffe
981 893 1019 934 ἐς
1036 891 1160 944 Νάξον
1181 893 1248 933 καὶ
1265 893 1440 946 Θρᾷκας,
1454 895 1562 948 quod
1584 907 1652 934 an-

377 958 536 1001 tequam
561 946 680 986 Cares
698 946 947 1000 occupaffent
972 960 1057 987 eam
1084 945 1268 995 insulam,
1289 960 1314 987 a
1335 948 1554 990 Thracibus
1576 948 1652 988 ha-

377 1002 537 1041 bitatam
551 999 660 1041 fuiss'e
673 1011 804 1040 narrat
820 1000 1042 1047 Diodorus,
1057 1000 1201 1041 errabit
1215 1000 1436 1043 manifesto:
1449 1015 1530 1043 non
1545 1003 1650 1043 enim

378 1055 476 1096 solet
499 1054 751 1106 Thucydides
774 1055 867 1095 tales
886 1054 1076 1096 fabulosas
1095 1055 1343 1108 antiquitates
1365 1056 1457 1097 suae
1473 1057 1652 1097 historiae
1723 1097 1728 1103 Δ

378 1109 569 1156 inserere,
594 1108 727 1162 quales
747 1107 950 1150 Diodorus
969 1109 1008 1149 in
1033 1109 1164 1163 primis
1188 1110 1359 1172 quinque
1378 1110 1482 1151 libris
1507 1121 1651 1162 narrat.

379 1164 498 1217 Quin
523 1163 565 1203 &
586 1162 664 1217 ipse
687 1162 891 1204 Diodorus
912 1162 938 1203 l.
963 1177 1009 1216 5,
1038 1163 1104 1203 ubi
1131 1164 1178 1204 de
1203 1163 1420 1205 Thracibus
1444 1165 1669 1218 loquitur„

380 1220 456 1264 ait,
478 1230 548 1258 eos
567 1218 621 1258 ob
644 1216 831 1258 ficcitates
852 1219 894 1259 &
914 1218 1062 1258 calores
1084 1219 1123 1257 in
1141 1231 1187 1258 ea
1206 1217 1327 1259 insula
1345 1217 1467 1259 factos
1487 1217 1652 1272 perime,

378 1273 422 1313 δι
444 1271 565 1312 Cares
581 1285 666 1312 eam
686 1271 888 1325 occupasse
915 1273 1015 1312 duce
1029 1271 1181 1321 Naxio,
1200 1272 1267 1325 qui
1294 1285 1380 1312 eam
1401 1273 1559 1313 Naxum
1577 1285 1654 1312 no-

381 1326 567 1373 minavit,
591 1336 680 1366 ante
699 1324 816 1366 Diam
840 1326 881 1366 δι
907 1325 1157 1379 Strongylen]
1181 1325 1421 1380 appellatam.
1441 1326 1654 1366 Palmerius

380 1381 586 1422 Exercitat.
608 1395 645 1434 p.
676 1394 734 1432 54.
755 1381 894 1420 Huns.
908 1381 996 1420 Vid.
1021 1393 1123 1434 quae
1142 1381 1280 1421 Heilm.
1306 1381 1353 1420 ad
1372 1379 1455 1421 h.vl.
1479 1391 1655 1420 annotat.

436 1435 494 1474 Pa
520 1466 528 1474 .
555 1449 642 1484 117.
670 1434 693 1473 l.
723 1448 756 1474 1.
779 1434 994 1489 Σταυρωμει
1017 1435 1100 1488 περὶ
1123 1438 1166 1474 τὸ
1191 1434 1352 1488 στροιτ.)
1376 1433 1653 1488 Σταυρώμοιτσι

379 1488 468 1529 libri
505 1489 629 1543 cripti.
647 1487 749 1528 forte
769 1487 978 1538 σταύρωμά
997 1503 1040 1529 τε
1065 1489 1149 1542 περὶ
1171 1503 1208 1528 τ.
1236 1503 1297 1528 στ.
1317 1490 1461 1529 WAss.

437 1543 531 1598 Pag.
559 1542 646 1582 118.
662 1544 684 1583 l.
715 1557 774 1583 12.
798 1542 1134 1597 Προσὲιοιβοιλεῖν)
1157 1541 1272 1583 Nulla
1293 1542 1420 1596 potest
1438 1541 1577 1582 idonea
1597 1538 1656 1580 af-

383 1596 477 1638 ferri
497 1598 618 1644 ratio‚
636 1610 707 1637 cur
726 1595 803 1637 hoc
822 1596 1113 1652 praeferendum
1127 1595 1172 1636 stt
1186 1597 1392 1651 scripturae
1413 1595 1589 1637 omnium
1607 1595 1655 1635 li-

384 1652 547 1692 brorum
571 1651 829 1706 scriptorum,
852 1652 919 1705 qui
944 1652 984 1691 in
1009 1651 1085 1692 hoc
1106 1649 1329 1704 composito
1351 1663 1432 1691 non
1457 1648 1654 1743 praeposi·-

381 1706 530 1746 tionem
551 1707 666 1759 πρὶς,
691 1704 754 1745 sed
775 1708 844 1757 πρδ
865 1706 1017 1746 habent.
1040 1703 1359 1759 nposmssmeffm
1382 1704 1439 1746 est
1458 1717 1499 1744 m
1524 1703 1552 1744 P
1581 1703 1656 1744 ilo-

384 1760 483 1814 patri
505 1759 665 1800 Luciani
685 1759 804 1800 Tom.
820 1758 883 1809 ΙΙ,
907 1773 944 1814 p.
968 1759 1060 1811 768.

442 1814 534 1868 Pag.
553 1827 567 1852 1
580 1828 638 1867 ¹9·
660 1814 685 1856 l.
702 1828 736 1867 3.
754 1807 906 1854 Ἤκουσι
923 1812 1190 1878 -ρξοιζκίσοιὴ
1208 1810 1378 1865 Dionys.
1392 1810 1518 1852 Halic.
1531 1810 1656 1852 Tom.

351 1853 355 1857 ⁵
384 1867 446 1915 ΙΙ,
466 1881 553 1922 pag.
579 1869 676 1914 160,
692 1868 858 1921 ψυχρὰ,
880 1869 1026 1922 inquit,
1049 1883 1068 1909 n
1087 1866 1376 1920 παρανομασίιι,
1396 1866 1462 1906 καὶ
1476 1862 1515 1906 οὗ
1537 1879 1656 1920 προσ·
1724 1866 1727 1867 ’

382 1922 584 1970 βάλλουσα.
605 1919 748 1972 πάθος,
768 1923 858 1962 ἀλλ’
874 1920 1136 1963 ἐπιτήδευσιν.
1158 1923 1307 1961 ΨΑδε.

436 1979 512 2016 ead.
541 1977 566 2016 l.
597 1989 657 2026 14.
687 1976 1015 2031 Λειποστρσιτίοιν)
1043 1975 1146 2017 Vide
1176 1974 1329 2030 1,—·99,
1351 1973 1420 2015 ubi
1441 1971 1496 2014 est
1523 1984 1655 2014 λειπο·
1721 2019 1724 2022 Α

746 2036 751 2044 v

383 2044 580 2138 cvplgaggv}
588 2097 651 2124 20.
669 2084 692 2124 l.
718 2098 752 2124 2.
777 2084 848 2125 Καὶ
868 2081 909 2124 οὗ
926 2107 972 2115 -
993 2081 1265 2137 ἀξυνετωτέρου
1287 2081 1360 2136 δὲ)
1386 2078 1555 2134 Dionys.
1574 2073 1662 2121 Ha-‘

386 2137 518 2178 licarn.
540 2138 691 2179 ibidem.
723 2138 818 2179 haec
841 2149 963 2179 vocat
986 2136 1273 2193 πεπλεγμένα,
1305 2137 1372 2177 καὶ
1397 2137 1549 2176 πολλὰς
1578 2137 1658 2176 τὰς
1710 2161 1719 2186 4

388 2187 521 2233 ἕλικας
543 2192 699 2247 ἔχοντα.
722 2193 868 2233 WAss.
1244 2243 1253 2252 ‘
1516 2243 1524 2250 .
1642 2239 1654 2249 .

440 2249 516 2288 ead.
537 2247 561 2286 l.
585 2247 623 2287 6.
639 2245 1009 2300 Κακοξυνετωτέρου)
1029 2246 1122 2286 Hoc
1143 2258 1167 2284 a
1186 2243 1326 2297 scripto
1349 2242 1449 2306 (lod.
1471 2239 1658 2294 Dionyfit

387 2299 523 2396 &teges
533 2310 698 2341 annotat
723 2300 968 2354 Sylburgius.
991 2301 1048 2341 At
1077 2300 1130 2340 ita
1155 2299 1284 2339 noster
1310 2298 1400 2338 alibi
1419 2310 1501 2338 non
1527 2294 1658 2338 semet.

442 2412 517 2450 ead.
537 2408 562 2448 1.
584 2421 622 2460 7.
643 2408 748 2449 Ἀλλ’
768 2404 869 2448 013-
890 2407 1035 2448 amnt
1055 2406 1166 2458 ἐσμεν
1177 2408 1197 2458 >
1219 2403 1388 2458 Dionys.
1411 2404 1536 2446 nanc.
1559 2402 1657 2451 160,
1714 2379 1716 2382 ’

383 2461 543 2512 ταῦτα,
564 2463 707 2519 inquit,
725 2462 761 2507 ἐν
779 2461 838 2515 τῷ
861 2462 980 2515 σαφεῖ
995 2461 1066 2503 καὶ
1089 2459 1237 2515 καθαρῷ
1260 2459 1325 2502 τῆς
1345 2459 1555 2502 ἐπιλέκτου
1579 2457 1662 2511 τρὸ-ς
