1754 3120
381 181 477 242 4&
588 179 1467 229 ANNOTATIONES

382 281 486 321 734,
504 266 546 308 &
567 267 794 324 interpretes
807 268 973 310 Pollucis
986 268 1034 308 ad
1046 268 1087 319 Ι,
1105 268 1169 311 82.
1183 269 1422 322 Anonymus
1440 267 1544 322 apud
1564 267 1652 309 Sui-

383 322 470 362 dam
496 322 536 362 in
558 323 695 364 πλέιτη
725 324 878 372 itidem,
902 333 946 363 ut
974 323 1251 375 Thucydides,
1285 333 1476 363 memorat
1507 329 1652 362 navem

380 375 591 430 μυριοφόρον
619 378 778 431 πύργοις
797 390 841 417 τε
872 377 939 416 καὶ
965 376 1252 431 περιφράγμασι
1283 376 1477 418 παντοίοις
1508 375 1651 416 instru-

381 428 498 525 ῗῖὅιῃ.
516 430 662 471 ’Ξὺλινα
680 429 1013 485 παραφράγματα
1042 429 1269 471 munitionis
1287 431 1378 472 dicit
1399 429 1651 484 Thucydides

447 513 458 530 .,
484 498 499 523 ι
513 496 571 535 15.

438 542 513 577 ead.
531 539 556 578 l.
587 552 646 588 14.
660 538 834 592 ”Ωνευον)
854 538 957 579 Vide
978 537 1134 580 §uidam
1156 538 1194 578 h.
1220 552 1261 579 v.
1289 538 1356 592 qui
1376 551 1452 592 pro
1473 538 1591 579 ’όνευος
1608 537 1649 578 in

383 591 593 632 Scholiaste
605 621 616 636 ,
646 592 688 633 δι
712 593 866 646 quidem
882 592 1042 642 reffius,
1062 593 1153 646 legit
1171 593 1262 632 ’όνος.
1276 593 1454 633 Thomas
1471 591 1651 646 Magister

383 646 426 684 in
450 645 576 686 ὤνευον
600 646 715 686 etiam
739 646 893 686 ἀκάτων
915 645 1051 694 habet,
1073 657 1118 687 ut
1135 645 1308 700 plerique
1326 645 1412 686 Mff.
1431 647 1578 686 wass.
1602 645 1651 685 In

384 699 500 739 Suida
520 700 637 740 etiam
657 700 731 739 alia
750 701 937 754 quaedam
959 700 1094 741 melius
1111 700 1315 754 leguntur,
1339 713 1455 753 quam
1471 700 1510 739 in
1531 699 1655 740 Scho-

382 752 502 793 liaste.
524 753 675 794 ’Ώνευον
705 753 840 794 Aelius
859 753 1080 806 Dionysius
1107 754 1210 808 apud
1238 753 1476 795 Eustathium
1497 754 1539 793 in
1565 753 1654 793 Ho-

384 820 481 847 mer.
504 806 551 847 11.
578 819 628 854 λ,
656 820 742 861 pag.
763 807 862 857 862,
885 808 1044 862 exponit
1067 808 1201 848 ἐκίνουν
1229 808 1295 848 καὶ
1321 806 1508 863 περιῆγον.
1528 806 1578 847 Et
1598 806 1653 848 fic

382 860 518 901 Suidas
538 861 579 901 &
597 861 784 902 Thomas.
802 861 868 902 De
887 874 990 902 voce
1006 861 1104 911 ’όνος,
1122 862 1226 902 unde
1243 860 1393 909 ὄνεὺειν,
1406 861 1521 902 habet
1537 873 1653 914 quae-

386 915 475 955 dam
492 914 537 955 Is.
551 914 712 956 Voffius
728 916 778 956 ad
794 914 993 956 Catullum
1007 928 1093 969 pag.
1111 915 1202 970 326.
1221 916 1384 956 Suculam
1402 925 1563 956 vertunt
1583 915 1656 955 Le-

382 969 470 1010 xica
481 1000 493 1018 ‚
518 969 560 1009 &
580 969 643 1011 hic
660 969 840 1011 Aeacius.
862 969 934 1010 Sed
950 968 1120 1020 ἁνακλᾷν
1136 969 1198 1010 hic
1215 982 1296 1010 non
1312 968 1388 1018 est,
1404 968 1511 1023 quod
1525 968 1625 1009 idem
1637 998 1655 1016 ‚

384 1023 428 1063 &
448 1023 589 1064 Portus
607 1034 796 1077 putarunt
809 1055 820 1073 ,
832 1023 1018 1076 frangere,
1039 1036 1176 1064 verum
1201 1023 1342 1076 sursum
1361 1023 1544 1063 attollendo
1568 1037 1654 1063 con-

383 1077 503 1117 vellere
519 1078 557 1116 6³
572 1081 714 1118 educere.
731 1078 866 1118 Suidas
885 1078 927 1118 &
943 1076 1166 1129 Scholiastes
1185 1089 1388 1131 exponunt
1400 1093 1417 1117 e
1426 1075 1544 1130 fundo
1558 1075 1654 1116 evel-

383 1132 460 1171 lere.
485 1131 549 1172 sic
572 1132 825 1184 Thucydides
849 1131 909 1180 11,
938 1131 1015 1182 76,
1041 1132 1082 1171 δι
1109 1131 1172 1171 alii
1192 1131 1293 1182 apud
1317 1129 1486 1185 Lipfium
1508 1131 1549 1171 V
1571 1129 1656 1170 Po-

382 1185 617 1226 liorceticor.
645 1185 693 1234 8,
715 1184 886 1236 ἐινακλξῐν
919 1185 1135 1233 machinam
1165 1198 1280 1226 muro
1305 1184 1490 1226 incuffam
1516 1185 1651 1224 dicunt

383 1251 480 1287 eos,
501 1241 570 1293 qui
593 1240 740 1292 laqueis
758 1239 902 1294 iniectis
921 1252 1006 1279 eam
1031 1239 1236 1287 attollunt,
1262 1239 1305 1279 &
1325 1248 1516 1279 avertunt.
1539 1238 1589 1278 Et
1610 1237 1651 1278 in

384 1294 470 1333 aliis
491 1295 696 1347 generibus
712 1292 894 1347 loquendi
909 1306 991 1334 non
1006 1291 1219 1347 frangendi,
1239 1291 1303 1333 sed
1320 1292 1536 1333 infleaendi
1553 1292 1595 1332 δι
1613 1293 1654 1332 ἰῐι

383 1347 506 1387 altum
530 1347 689 1388 tollendi
711 1347 1029 1412 significationem
1054 1347 1182 1387 habet.
1205 1346 1463 1387 Aristaenetus
1488 1346 1507 1386 Ι
1536 1344 1653 1400 Epist.

389 1416 409 1455 3
424 1431 436 1449 ‚
455 1401 520 1442 Ὠς
545 1400 716 1452 ἀνακλᾷν
735 1402 837 1453 ημᾶς
855 1402 920 1441 ἐπὶ
946 1399 1047 1442 πολὺ
1078 1403 1141 1442 τὸν
1154 1398 1321 1454 -αὗχένα
1350 1402 1440 1454 προς
1467 1399 1558 1441 θέαν
1576 1398 1654 1440 τῶν

383 1454 512 1507 κύκλῳ
540 1456 849 1509 συναιωρουμένων
873 1455 1043 1509 βοτρύων.
1067 1455 1258 1495 Lucianus
1281 1455 1329 1495 de
1351 1452 1540 1508 Gymnas.
1563 1466 1655 1508 paga

383 1523 488 1562 272,
514 1507 554 1549 ‘H
581 1508 696 1562 δεξιὰ
716 1508 810 1562 ὑπὲξ
830 1508 897 1550 τῆς
918 1508 1080 1560 κεφαλῆς
1101 1509 1426 1558 ἀνακεκλασμένη.

440 1564 533 1616 Pag.
563 1577 652 1604 210.
679 1564 703 1604 l.
736 1579 772 1604 2.
803 1562 1013 1618 Ἐξέπριον)
1043 1561 1229 1617 Agnoscit
1253 1562 1392 1604 Pollux
1423 1560 1528 1610 VII,
1561 1573 1653 1612 1¹4·
1699 1571 1704 1576 ’

381 1618 534 1658 ,ΨΑ55.

439 1672 532 1724 Pag.
558 1684 647 1712 211.
667 1671 691 1711 l.
708 1685 743 1725 9.
766 1670 1161 1724 Διαπολεμησὸμενον)
1182 1670 1356 1711 Medium
1378 1682 1453 1724 pro
1474 1667 1650 1724 paffivo,

384 1735 431 1764 ut
454 1724 567 1779 supra
592 1739 636 1765 ca
666 1756 675 1765 .
701 1739 749 1774 14
771 1724 1107 1775 ἓιαπολεμίισεται
1127 1722 1255 1764 αὐτοῖς
1276 1723 1439 1778 ἀμαχεί.
1462 1724 1554 1764 Hoc
1572 1721 1649 1764 fre-

384 1792 511 1842 quens
529 1778 583 1820 est
596 1780 634 1819 T
664 1779 821 1831 ucydidi
836 1780 876 1819 in
894 1779 1024 1819 verbis
1043 1778 1162 1818 futuri
1186 1789 1381 1832 temporis.
1399 1776 1474 1824 ΙΙΙ,
1493 1792 1541 1824 2,
1561 1791 1653 1818 στε-
1733 1807 1735 1809 -

384 1837 569 1886 fanno-Esou
587 1846 669 1899 pro
696 1847 765 1873 στε
786 1829 999 1875 „ohne-aaa.
1028 1832 1110 1880 111,
1139 1845 1235 1886 109,
1260 1828 1544 1886 πολιορκήσεται
1568 1843 1649 1898 pro

381 1887 728 1941 πολιορκηθησεται.
775 1888 830 1934 V,
862 1900 963 1941 115,
989 1885 1253 1941 προσάξεσθαι
1278 1899 1352 1940 pro
1377 1883 1651 1939 προσαχθησε-
1731 1884 1735 1886 ’

384 1947 481 1983 σδαι
492 1957 506 1990 ;
527 1941 674 1981 &alibi
687 1940 905 1995 saepiffime.
925 1943 1126 1981 Annotata
1139 1940 1224 1980 sunt
1245 1939 1434 1993 quaedam
1449 1938 1562 1979 huius
1585 1951 1650 1992 ge-

385 1994 487 2035 neris
508 1996 555 2035 ad
577 1994 635 2042 11,
659 1995 723 2045 87.
751 1995 835 2036 Nec
864 1993 998 2035 desunt
1020 1994 1195 2049 exempla
1217 1993 1407 2048 enallages
1428 1991 1535 2034 casus
1561 2003 1651 2047 par-

384 2049 531 2103 ticipii,
557 2049 829 2104 praecedente,
858 2048 924 2089 vel
954 2047 1137 2103 sequente
1168 2048 1345 2102 genitivo
1373 2045 1549 2088 absoluto
1563 2076 1576 2095 ,
1603 2056 1649 2086 ut

383 2102 464 2143 hoc
484 2102 587 2145 loco.
611 2103 837 2143 Plutarchus
857 2103 987 2142 Numa
1011 2116 1098 2157 pag.
1118 2116 1220 2153 127,
1237 2100 1302 2142 Ὡς
1317 2098 1464 2142 οὖὸενδς
1480 2099 1646 2140 ἑστῶτος

385 2155 463 2196 τῶν
486 2156 735 2210 ἀνθρωπίνων,
757 2156 849 2197 ἀλλ’
867 2156 968 2197 ὅπως
986 2155 1039 2209 ἐὶν,
1052 2157 1181 2209 στρέφῃ
1203 2156 1269 2195 καὶ
1279 2155 1460 2203 &vulva
1484 2155 1547 2193 τὴν
1566 2153 1644 2198 βίον

386 2207 490 2259 ἧμῶν
514 2209 531 2249 ὅ
554 2213 639 2250 θεὶς
653 2241 666 2258 ,
688 2209 856 2263 ἀγαπᾷν
874 2210 939 2251 καὶ
961 2209 1158 2262 sexa-3021
1182 2207 1376 2263 προσῆκον.
1393 2207 1649 2259 Thucydides

387 2265 454 2311 V,
480 2264 555 2313 60,
581 2264 800 2315 Νομίζοντες
825 2264 861 2304 ἐν
888 2263 998 2314 καλῷ
1022 2264 1124 2313 σφίσι
1149 2265 1381 2317 παρατυχδν
1409 2260 1647 2328 ξυμβαλεῖν,

389 2319 455 2358 κα)
474 2317 725 2369 πανταχόθεν
744 2315 867 2358 αὐτῶν
885 2316 1230 2368 ἀποκεκλεισμένων
1250 2316 1315 2355 καὶ
1329 2311 1403 2355 ὑπὸ
1417 2314 1562 2355 ιππὲων
1579 2315 1649 2355 καὶ

387 2370 510 2423 πεζὶιῖν
521 2402 536 2420 ,
558 2369 663 2412 οὐθὲν
684 2371 893 2424 δράσαντες
920 2371 1025 2424 ἄξιον
1047 2370 1114 2412 τῆς
1139 2367 1379 2422 παρασκευῆς
1402 2367 1567 2409 ἀπιέναι.
1595 2367 1645 2408 Et

385 2426 426 2466 in
453 2426 552 2473 hoc,
578 2426 684 2479 quod
706 2439 728 2466 a
750 2424 945 2479 Stephano
972 2425 1111 2466 alicubi
1139 2423 1386 2465 observatum
1414 2433 1514 2484 puto
1543 2422 1645 2483 apujl

383 2479 630 2523 Aristotelem
657 2479 718 2522 IV
739 2478 885 2521 Histor.
912 2478 1043 2521 Anim.
1072 2477 1136 2521 Ὡς
1167 2474 1247 2533 οὐχ
1277 2476 1407 2535 ὁμοίως
1438 2489 1553 2531 φυσει
1579 2489 1649 2519 της
1722 2482 1724 2484 ’
1750 2516 1754 2520 .
