1754 3120
358 194 459 239 404
566 175 1454 226 ANNOTATIONES

357 266 553 321 finderet.-
571 280 651 308 nam
673 283 748 309 cum
763 267 864 321 fituto
892 280 1026 309 tantum
1044 268 1081 308 ὅ·
1106 271 1202 323 hasta
1218 285 1378 324 pompam
1390 269 1546 324 proftqm'
1565 279 1640 311 moi

358 323 408 366 ris
430 334 512 362 erat.
536 321 628 363 post
645 322 739 363 haec
762 323 837 371 ait,
858 322 910 361 nil
936 323 1187 372 cunctatum,
1210 337 1336 378 neque
1362 326 1518 365 anxium
1541 325 1638 364 hae-

358 374 465 424 fiffe,
489 387 553 416 tan
583 389 674 416 uam
706 377 915 429 imperandi
942 377 1104 423 rudem,
1126 378 1167 417 δι
1195 377 1409 418 insolitum:
1431 379 1538 432 quod
1566 391 1638 419 nc·

361 428 481 478 ceffe,
507 429 536 469 fi
574 429 680 470 uisset
702 440 796 469 natu
819 430 970 477 minor,
994 431 1059 477 δι,
1077 430 1302 485 Hipparcho
1323 432 1475 472 demum
1497 432 1638 482 caeso,

359 484 618 538 principatum
640 481 853 537 accepisset.
885 483 956 524 Kal
988 481 1068 538 οὔχ
1083 514 1097 531 ,
1122 483 1169 524 ὧς
1195 484 1362 534 oweno&
1391 490 1561 540 νεώτερος
1587 485 1636 526 ὢν

358 537 434 578 διο.
457 540 602 591 Neque,
627 550 667 577 ut
692 536 806 590 frater
824 550 910 577 natu
929 538 1038 578 minor
1050 568 1064 585 ,
1085 538 1213 590 confilii
1236 539 1362 592 inops,
1383 540 1550 593 animique
1569 556 1637 580 an-

358 593 441 631 xius
464 592 570 643 haefit
581 621 595 638 ‚
620 594 713 645 quod
736 606 804 630 non
822 590 954 644 semper
975 603 1052 631 ante
1072 592 1112 631 id
1135 605 1266 645 tempus
1282 594 1492 646 principatui
1520 594 1634 646 affue-

357 646 469 699 viffiet.
484 646 606 699 Atqui
627 646 703 685 hoc
726 643 919 686 sciendum
938 646 1008 685 tibi
1022 645 1104 695 hic,
1125 645 1401 699 Thucydides;
1421 646 1489 687 etsi
1511 647 1636 700 digni-

358 712 419 739 tas
442 700 680 754 principatus
698 698 845 739 summa
867 698 958 739 effer
979 712 1097 754 penes
1121 700 1411 754 Hipparchum,
1434 712 1528 740 natu
1551 714 1635 742 ma-

358 754 536 803 ximum,
561 764 692 793 tamen
722 765 858 793 omnes
886 752 1062 794 Pisistrati
1085 752 1186 794 filios
1218 755 1475 795 communiter
1498 765 1638 807 tyran-

357 821 434 848 nos
463 807 608 857 dictos,
631 807 672 848 δι
704 808 1000 861 rempublicam,
1028 820 1053 847 a
1079 818 1237 862 parente
1262 819 1495 862 occupatam
1515 822 1635 862 quam

358 873 612 916 acceperant,
639 861 805 902 consiliis
834 860 982 916 semper
1009 862 1108 901 inter
1126 861 1164 902 se
1191 863 1493 903 communicatis
1513 863 1635 903 admi-

356 915 549 965 nistraffe3
580 916 632 955 ita
662 926 705 956 ut
730 915 791 955 hic
816 928 968 956 novum
998 915 1116 963 nihil,
1150 925 1218 955 aut
1247 916 1469 956 inusitatum
1492 927 1633 965 antea,

356 970 571 1024 quamlibet
601 979 694 1009 natu
729 971 889 1016 minori,
920 969 1086 1024 Hippiae
1119 970 1309 1010 acciderit.
1346 970 1409 1010 Ac
1439 981 1633 1023 tyrannos

359 1025 560 1065 communi
583 1024 741 1064 nomine
762 1023 997 1078 appellatos,
1021 1024 1135 1064 tradit
1155 1022 1384 1065 Scholiastes
1407 1023 1560 1066 Comici
1583 1024 1632 1065 ad

355 1078 506 1133 vespas
527 1079 624 1119 eius.
648 1076 777 1118 Κοινῶς
810 1077 856 1117 sk
881 1077 1032 1118 πάντες
1060 1076 1090 1117 οἱ
1114 1077 1439 1131 Πεισιστρατίδαι
1467 1076 1632 1132 τύραννοι

356 1132 546 1186 ἐλέγοντο.
579 1132 853 1172 Communiter
883 1143 1012 1172 autem
1042 1132 1302 1185 principatum
1332 1130 1490 1172 tenuiffe
1507 1161 1519 1180 ‚
1550 1130 1629 1186 ipse

354 1186 538 1241 expreffis
561 1186 694 1226 verbis
709 1186 805 1226 dicis
818 1217 830 1235 ,
849 1186 886 1225 in
904 1187 1126 1226 narratione
1146 1185 1300 1234 eadem3
1322 1185 1364 1225 &
1385 1197 1630 1226 commemo-

353 1254 439 1288 ras,
468 1254 562 1295 pace
586 1241 726 1294 pariter
749 1253 794 1280 ac
823 1239 950 1287 bello,
975 1253 1002 1279 o
1031 1240 1124 1279 time
1152 1238 1435 1280 administrasse:
1458 1250 1542 1279 tum
1569 1240 1630 1279 vi-

353 1294 533 1336 cesimam
555 1295 673 1334 etiam
703 1304 853 1334 tantum
886 1294 997 1346 exegi
1026 1306 1070 1342 e,
1093 1306 1182 1334 cum
1213 1294 1394 1334 nimirum
1419 1292 1629 1335 Pisistratus

351 1358 463 1403 pater
485 1349 670 1389 decimam
692 1347 929 1388 instituiss'et:
950 1347 1109 1394 deinde,
1133 1346 1238 1387 sacra
1268 1348 1344 1388 ritu
1367 1346 1490 1413 prisco
1510 1360 1629 1388 accu-

351 1402 473 1451 rafl'e,
491 1402 713 1457 legibusque
731 1415 855 1466 porro
880 1402 1022 1459 patriae
1045 1401 1136 1442 usos
1155 1399 1243 1442 effe.
1269 1402 1340 1441 Καὶ
1364 1398 1629 1443 επωῆὃευσοιν

353 1456 605 1498 ἐπιπλεῖστον
626 1456 675 1497 ἐὴ
695 1470 857 1510 τυραννοι
875 1456 974 1495 οὑτοι
989 1454 1120 1509 ἀρετὴν
1135 1486 1148 1504 ,
1168 1454 1236 1494 καὶ
1259 1454 1403 1508 ξύνεσιν
1422 1455 1498 1496 &c.
1521 1455 1628 1496 Hinc

353 1512 402 1552 de
434 1512 483 1552 iis
508 1510 619 1551 simul
650 1510 837 1564 quaedam
865 1508 1094 1550 referuntur.
1127 1509 1176 1549 Et
1206 1509 1385 1563 exempla
1404 1539 1419 1556 ,
1444 1521 1558 1557 ecce,
1583 1510 1627 1550 in

350 1576 524 1620 promtu.
548 1563 759 1604 Pisistratus
782 1574 893 1618 pater
913 1563 1020 1604 Iovis
1050 1562 1233 1615 Olympii
1262 1562 1449 1617 templum
1479 1562 1628 1605 struere

351 1620 627 1661 inchoaverat:
652 1617 719 1672 ipsi
743 1631 845 1672 opus
885 1617 1070 1664 ersecuti‚
1084 1616 1247 1656 Aristot.
1266 1617 1456 1658 referente
1474 1616 1626 1658 Politic.

350 1674 417 1715 lib.
440 1686 490 1721 v,
512 1686 597 1726 cap.
632 1687 693 1712 12.
718 1671 780 1713 Sic
803 1671 838 1712 C
875 1672 1028 1713 lirhoen
1049 1684 1211 1725 quoque
1241 1669 1412 1720 fontem,
1437 1670 1577 1711 ibidem
1602 1685 1628 1712 a

350 1738 462 1782 patre
482 1740 556 1768 coe
584 1738 694 1773 tum,
712 1725 827 1766 simul
849 1739 972 1780 porro
998 1734 1249 1766 exornarunt.
1274 1725 1422 1765 Indicat
1442 1724 1627 1778 Aphtho-

350 1783 461 1831 nius,
484 1782 525 1821 in
595 1779 686 1821 escri
715 1781 820 1820 tione
842 1780 939 1820 arcis
966 1779 1257 1820 Alexandrinae.
1278 1779 1352 1826 Et,
1370 1791 1414 1820 ut
1434 1789 1478 1819 tu
1501 1779 1626 1819 virtu-

350 1846 408 1876 tes
430 1836 558 1876 statim
579 1794 800 1888 utringue,
820 1834 861 1874 in
878 1834 1078 1874 communi
1103 1832 1341 1887 principatu,
1361 1831 1540 1882 retulisti;
1569 1833 1624 1873 ita

349 1890 488 1931 luxum
507 1889 732 1930 Athenaeus
754 1888 819 1928 lib.
850 1886 1147 1928 x11.1ncensum
1173 1887 1266 1927 item
1286 1886 1335 1927 ab
1359 1887 1416 1927 his
1433 1886 1624 1948 templum

348 1943 542 1998 Apollinis
567 1942 696 1996 Pythii
722 1941 908 1994 Delphis,
935 1955 958 1982 e
978 1941 1215 1985 Philochoro
1237 1950 1367 1981 narrat
1393 1938 1625 1982 scholiastes

349 1998 523 2045 Pindari,
547 1996 764 2049 Pythionic.
785 1995 862 2036 Od.
877 2007 958 2037 vn.
981 1996 1030 2036 Et
1050 1995 1259 2035 Cimonem
1281 1994 1331 2035 ab
1346 1993 1433 2049 ipfis
1451 1992 1624 2043 caesum,

349 2051 468 2093 refert
488 2051 717 2092 Herodotus
739 2050 804 2092 lib.
826 2061 890 2090 vt.
916 2050 1020 2104 Ergo
1042 2050 1159 2090 etiam
1179 2049 1240 2088 hic
1258 2049 1382 2096 evici,
1400 2060 1519 2102 quam
1539 2060 1624 2089 non

348 2106 499 2147 constet
519 2106 587 2145 tibi
609 2105 722 2145 ratio.
749 2104 942 2145 Ultimum
967 2102 1104 2150 restat,
1127 2103 1242 2156 idque
1263 2102 1418 2142 minime
1439 2101 1623 2142 excusan-

348 2161 453 2201 dum.
476 2159 571 2199 Non
601 2168 810 2199 contentus
834 2158 1181 2212 primogenituram
1210 2156 1382 2210 eripere,
1411 2157 1530 2196 etiam
1561 2156 1623 2196 vis

349 2212 598 2268 persuadere,
620 2225 694 2253 ceu
714 2212 960 2266 tyrannidem
987 2223 1066 2251 nun
1095 2223 1186 2251 uam
1208 2210 1301 2250 item
1320 2207 1519 2258 tenuisset,
1538 2207 1621 2250 fot·-

348 2268 452 2309 tuito
474 2266 615 2307 facium
642 2266 717 2307 effe
729 2296 740 2313 ‚
755 2276 801 2306 ut
822 2264 985 2306 tenuisse
1001 2266 1062 2305 exi
1095 2265 1244 2304 imetur.
1262 2263 1324 2303 Ita
1341 2263 1448 2304 enim
1466 2263 1621 2304 tandem

346 2321 452 2363 dicis.
472 2319 680 2374 Ἱππάρχῳ
708 2319 754 2360 δὲ
775 2319 902 2373 ξυνέβη
915 2350 929 2367 ,
953 2320 1030 2360 διο.
1057 2317 1262 2372 Hipparcho
1292 2333 1372 2357 vero
1395 2319 1460 2358 hoc
1486 2317 1594 2357 evenit
1603 2347 1621 2365 ,

346 2377 426 2423 uti,
449 2375 560 2415 caedis
586 2374 775 2427 infhrtunio
801 2389 918 2414 nomen
947 2374 1076 2414 clarum
1104 2371 1325 2423 confictam,
1344 2372 1460 2425 postea
1490 2386 1620 2425 quoque

342 2431 573 2484 principatum
591 2427 732 2481 tenutffe
740 2429 793 2480 fit
803 2439 961 2482 putatus.
983 2427 1109 2467 Immo
1126 2425 1169 2466 &
1187 2423 1322 2465 diserte
1342 2437 1481 2478 negas;
1502 2424 1542 2464 δι
1561 2437 1624 2464 er-

345 2484 445 2526 roris
469 2495 633 2538 quoque
658 2480 840 2531 accusas,
861 2481 930 2537 qui
954 2490 1165 2536 tyrannum
1186 2491 1275 2521 eum
1296 2477 1406 2521 fuiffe
1431 2477 1625 2527 existima*
