1754 3120
404 214 498 263 252
694 166 1383 242 THUCYDIDIS

396 285 640 360 φιξομενους
660 311 779 357 μετα
807 301 986 341 πολλων
1012 312 1083 349 την
1108 287 1411 361 αναχωρησιν,
1425 313 1508 346 τοις
1531 289 1666 344 πολε-

395 372 507 437 μιόις
528 362 874 430 καταγγέλτους
893 365 1158 430 γίγνεσθαι.
1179 368 1324 417 λαθεῖν
1347 387 1439 433 γαρ
1467 361 1519 417 ἂν
1541 369 1667 422 ὁπότε

392 440 614 504 βουλοιντο
632 463 748 493 τουτο
768 441 970 499 ποιοῦντες
990 441 1151 513 πολλῷ
1167 463 1306 502 ησὋ-ον.
1325 464 1371 492 το
1391 439 1439 494 δέ
1452 465 1491 493 τι
1511 465 1588 494 και
1606 442 1668 496 7>ae

396 541 476 570 των
496 524 736 589 πολεμίων,
754 521 842 579 ἀφ’
862 540 915 569 ων
935 499 1135 569 ὲπιπλέον
1153 541 1178 577 η
1199 515 1336 570 ἄλλοι
1356 519 1570 584 ἠσθένει-ο
1587 524 1665 571 αὐ-

395 618 500 650 των,
524 591 751 652 ἐλπιδος
714 618 753 645 τι
779 589 839 644 ἔτι
864 616 1047 667 παρειχε
1077 592 1318 666 πονηρότεροι
1350 616 1428 646 των
1451 591 1666 687 σφετερων

394 667 610 724 ἔσεσθαι,
636 694 678 730 ην
689 690 926 761 καρτερωσι
933 667 1293 764 προσκαθήμενοι.
1315 692 1545 742 χρηματων
1569 693 1662 740 γαρ

393 751 559 818 ἀπορίαι
585 742 735 803 αὐτους
761 746 1035 818 ἑκτρυχῶσειν
1049 784 1061 802 ,
1093 746 1251 804 ἄλλως
1276 768 1323 798 τε
1356 769 1434 797 και
1462 744 1668 800 {mn->new

323 827 327 836 ’
394 821 467 884 ηὸη
483 826 577 881 ταῖς
596 819 898 894 ὑπαρχουσαις
914 845 1036 874 ναυσι
1014 819 1543 895 θαλασσοκρατουπων.
1562 847 1639 874 και
1650 861 1663 879 ,

393 894 436 959 ἦν
456 899 549 967 γάρ
569 923 610 951 τι
629 922 706 950 και
727 901 763 951 ὲν
783 921 880 956 ταις
901 896 1203 972 Συρακουσαις
1217 897 1472 968 βουλομενον
1490 923 1571 956 τοις
1588 899 1661 951 Ἀ,

393 979 564 1036 θηναίοις
581 998 641 1027 τα
664 975 923 1047 πράγματα
945 975 1175 1030 ὲνὸοῧναι,’
1165 972 1479 1047 επεκηρυκεύετο
1503 977 1559 1033 ὡς
1580 998 1662 1026 ow·-

391 1075 457 1104 τον
467 1088 479 1108 ,
497 1074 574 1104 και
591 1075 666 1104 ουκ
679 1052 748 1103 εἶα
765 1051 1174 1104 ἀπανίστασθαι.
1148 1073 1183 1101 α
1199 1051 1498 1122 ἓπισταμενος,
1513 1075 1574 1103 τω
1586 1067 1663 1121 μέν

391 1125 528 1200 ἔργω,
556 1124 614 1180 ἔτι
637 1131 705 1179 ἐπ’
727 1128 962 1199 αμφὸτερα
987 1124 1098 1190 ἒχων
1123 1149 1202 1179 και
1228 1126 1473 1179 &acuon-mv
1499 1131 1659 1191 ανειχε·

390 1228 452 1276 τῳ
429 1203 513 1256 δ’
539 1207 734 1273 ὲμφανει
747 1226 838 1256 τοτε
861 1205 1012 1274 λόγῳ,
1035 1227 1111 1255 ουκ
1130 1199 1215 1265 ἔφη
1240 1204 1345 1255 ἀπα
1346 1206 1423 1264 Ξειν
1442 1227 1509 1264 την
1533 1227 1661 1276 πρα-

388 1304 498 1333 τιαν
526 1287 569 1333 εὐ
593 1303 684 1349 γαρ
714 1278 909 1333 εἰδέναι
884 1304 943 1332 οτι
970 1304 1003 1332 οι
1032 1280 1233 1340 Ἀθηναιοι
1260 1279 1388 1343 σφων
1415 1281 1557 1331 ταῦτα
1583 1284 1659 1332 οὐκ

386 1443 534 1485 clarare
554 1444 736 1485 nolebat:
758 1444 917 1486 nolebat
934 1444 1071 1493 etiam,
1097 1443 1144 1484 de
1164 1453 1326 1497 receptu
1355 1443 1553 1484 decretum
1572 1457 1594 1484 a
1621 1443 1660 1485 se

383 1527 480 1555 cum
507 1514 639 1556 multis
667 1515 793 1570 palam
826 1514 910 1555 fieri
924 1546 936 1564 ,
974 1527 1026 1554 ne
1054 1527 1191 1555 rumor
1214 1514 1262 1554 ad
1294 1513 1422 1555 hostes
1452 1525 1661 1554 emanaret.

384 1584 489 1625 Nam
512 1583 541 1624 fi
565 1583 643 1624 hoc
662 1582 854 1633 fecissent,
872 1583 910 1624 se
927 1582 1054 1624 multo
1075 1583 1227 1630 minus,
1253 1580 1561 1636 quotiescunque
1585 1595 1660 1623 vo-

383 1651 560 1703 luissent,
584 1653 684 1695 clam
708 1653 898 1695 discedere
923 1652 1042 1709 posse.
1073 1652 1278 1694 Praeterea
1301 1651 1468 1693 hostium
1492 1665 1657 1707 quoque

382 1737 445 1764 res
465 1728 483 1777 (
490 1724 597 1777 quod
609 1737 743 1765 earum
767 1725 979 1772 maiorem,
999 1737 1116 1778 quam
1141 1722 1258 1763 ceteri
1271 1721 1463 1776 collegae,
1477 1721 1656 1762 notitiam

381 1791 513 1833 Nicias
533 1791 716 1846 haberet)
739 1792 916 1832 nonnihil
938 1790 1019 1845 spei
1041 1790 1166 1832 adhuc
1189 1789 1258 1845 ipsi
1276 1789 1511 1845 praebebant
1527 1819 1540 1836 ,
1564 1787 1652 1829 fore

382 1870 428 1900 ut
450 1859 640 1900 deteriore
663 1858 887 1900 conditione
916 1857 1063 1906 essent,
1085 1872 1202 1913 quam
1223 1857 1335 1906 suae,
1357 1857 1386 1898 fi
1405 1856 1657 1898 Athenienses

382 1930 423 1970 in
456 1930 564 1970 urbis
593 1929 794 1970 obfidione
821 1929 1122 1985 perseverarent.
1159 1929 1252 1971 Illos
1279 1930 1380 1971 enim
1404 1930 1655 1984 pecuniarum

380 1999 514 2055 inopia
535 2014 559 2041 a
583 2000 622 2042 se
642 2001 871 2043 exhaustum
893 2002 940 2042 iri
967 2001 1136 2050 dicebat,
1171 1999 1394 2055 praesertim
1425 1998 1533 2055 quod
1560 1998 1656 2039 clas-

381 2069 459 2111 sem
481 2072 555 2112 iam
576 2072 784 2123 haberent,
803 2086 882 2127 qua
898 2073 1015 2127 longe
1037 2072 1190 2126 lateque
1213 2072 1329 2112 maris
1354 2072 1559 2126 imperium
1582 2070 1653 2111 ob-

378 2138 557 2182 tinerent.
581 2140 697 2193 Quin
716 2142 834 2181 etiarn
868 2141 982 2195 (nam
1005 2142 1047 2182 δι
1074 2140 1274 2194 Syracufis
1304 2150 1413 2181 erant
1443 2138 1652 2190 nonnulli,

379 2209 450 2263 qui
471 2222 532 2250 res
548 2210 764 2264 urbemque
781 2210 1079 2252 Atheniensibus
1099 2210 1236 2250 dedere
1254 2209 1466 2264 volebant)
1485 2210 1649 2250 nuntios

379 2279 430 2318 ad
452 2277 575 2333 ipsum
597 2278 821 2328 mittebant,
841 2291 912 2319 nec
935 2276 1122 2318 discedere
1137 2275 1319 2316 fluebant.
1344 2275 1464 2328 Quae
1477 2288 1565 2316 cum
1588 2275 1651 2315 ille

378 2346 510 2398 sciret,
528 2361 570 2388 re
590 2347 744 2402 quidem
766 2347 843 2402 ipsa
863 2348 902 2387 in
925 2359 1132 2401 utramque
1150 2357 1297 2401 partem
1321 2345 1445 2386 adhuc
1466 2345 1650 2395 nutabat,

378 2419 424 2458 ἃ
450 2419 653 2473 ancipitem
678 2419 953 2473 cogitationem
977 2417 1121 2458 habens
1145 2415 1353 2457 haerebat:
1378 2415 1507 2456 verbis
1526 2429 1649 2466 vero,

380 2489 521 2546 quibus
542 2500 636 2532 nme
655 2488 782 2544 palam
807 2487 1013 2539 utebatur,
1035 2485 1072 2528 se
1098 2485 1227 2541 copias
1249 2483 1507 2526 abduaurum
1533 2495 1649 2538 nega·
