1754 3120
393 220 484 253 212
680 201 1374 253 THUCYDIDIS

392 302 652 370 ξυμμίσγει.
679 322 759 350 και
788 297 1128 371 παραλαβοντες
1147 323 1228 352 των
1252 300 1452 372 Αργείων
1476 303 1663 360 ὁπλίτας

394 374 575 447 [τινας]
606 373 677 426 ἐπι
708 399 788 433 τας
813 375 934 432 ναῧς,
959 372 1110 427 ἔπλεον
1132 377 1172 433 ἐς
1197 399 1266 437 την
1285 375 1554 438 Λακωνικην
1581 375 1664 429 και

391 475 550 525 πρωτον
568 473 643 522 μεν
662 475 732 511 της
751 448 1001 521 Ἐπιδαυρου
1020 475 1060 502 τι
1079 475 1150 512 της
1168 453 1371 524 Λιμηρᾶς
1390 446 1645 520 {estimo-ow,
1618 475 1662 505 ε-

389 551 525 581 πειτα
545 527 718 590 σχόντες
738 529 778 584 ἐς
798 550 857 579 τα
875 548 1132 599 καταντικρυ
1151 526 1418 601 Κυθηρων
1365 553 1435 590 της
1453 530 1662 581 Λακωνι-

392 629 491 666 κης,
511 599 659 656 ἔνθα
620 627 664 654 το
686 599 779 698 ἱερον
795 627 869 656 του
885 602 1183 660 Απολλωνος
1172 626 1260 655 εστι
1271 641 1283 659 ,
1300 628 1371 665 της
1389 627 1433 656 τε
1453 626 1534 670 γης
1549 601 1681 673 ἔστιν,

380 682 424 734 ἃ
443 673 651 747 ἐὃηωσ-αν,
686 701 764 730 και
786 682 999 742 ἐτείχισαν
1022 676 1248 751 ἰσθμωὸες
1269 704 1311 731 τι
1334 687 1500 754 χωρίον,
1521 681 1590 732 ἰνα
1610 674 1662 743 δη

391 783 428 811 ι
443 779 488 808 τε
506 755 696 813 Εἵλωτες
710 778 788 807 των
804 755 1157 826 Λακεδαιμονίων
1177 755 1332 808 αὐτοσε
1357 755 1659 847 αὐτοριολωσ-ι,

391 856 470 886 και
492 828 654 887 λνσται
675 832 719 894 ἐξ
741 831 895 886 αὐτοῦ,
917 854 1063 899 ωσ-περ
1086 834 1134 884 ἐκ,
1154 856 1225 893 της
1244 831 1424 888 Πυλου,
1450 826 1660 924 ἁρπαγην

391 932 611 962 ποιωνται.
625 930 702 959 και
717 911 735 957 o‘
749 929 824 978 μεν
837 904 1122 977 Δημοσθενης
1136 907 1268 966 εὐθυς,
1285 903 1423 971 ἐπειδη
1439 904 1659 974 Ξυγκατέ-

389 987 516 1047 λαβε
535 1007 580 1036 το
602 989 771 1056 χωρίον,
798 979 981 1036 ὲπέπλει
1002 1005 1072 1035 επι
1091 1008 1161 1044 της
1185 982 1467 1076 Κερκυρας,
1441 1009 1556 1044 οπως
1578 1006 1660 1037 και

392 1086 470 1114 των
485 1063 629 1112 ἒκειόεν
646 1059 896 1130 ξυμμαχων
909 1053 1271 1148 παραλαβων,
1229 1083 1294 1112 τον
1307 1083 1347 1119 ες
1357 1085 1427 1122 την
1443 1060 1659 1113 Σικελίαν

388 1138 526 1190 πλουν
547 1136 809 1199 ὁτιταχιστα
831 1151 1015 1196 ποιηται·
1038 1140 1055 1187 o‘
1076 1128 1122 1187 ὃε
1140 1135 1395 1228 Χαρικλῆς,
1415 1142 1658 1229 περιμείνας

391 1236 468 1272 εως
482 1236 528 1265 το
543 1217 689 1285 χωρίον
709 1213 936 1275 ἐξετειχισε
947 1249 958 1267 ,
977 1235 1053 1263 και
1073 1205 1335 1265 καταλιπων
1352 1207 1558 1275 φυλακην
1572 1216 1656 1263 αὐ-

386 1290 458 1344 τοῧ
468 1327 481 1346 ,
499 1292 781 1359 ἀπεκομίζετο
797 1311 874 1340 και
894 1310 1021 1346 αυτος
1034 1285 1194 1360 ὕστερον
1209 1291 1305 1348 ταῖς
1319 1312 1541 1362 τριακοντα
1554 1311 1657 1342 ναυ-

382 1389 449 1420 σιν
467 1366 536 1418 ἐπ’
554 1388 685 1421 οικου,
706 1387 784 1417 και
805 1387 838 1416 οι
858 1361 1089 1438 Ἀργεῖοι
1061 1386 1182 1435 αμα.

377 1522 517 1563 iunxit.
533 1520 748 1579 ‚Nonnullis
770 1520 891 1563 etiam
913 1521 1158 1576 Argivorum
1180 1518 1367 1562 militibus
1384 1520 1423 1561 in
1452 1533 1577 1562 naves
1596 1518 1655 1562 as-

375 1591 511 1634 sumtis
524 1606 695 1647 ,agrum
717 1593 957 1635 Laconicum
983 1592 1190 1648 petierunt.
1220 1591 1283 1632 Ac
1307 1593 1474 1647 primum
1496 1591 1653 1646 quidem

377 1662 561 1718 Epidauri
581 1663 754 1704 Limerae
775 1677 914 1719 agrum
933 1665 973 1704 in
993 1663 1159 1718 quadam
1180 1672 1291 1718 parte
1309 1661 1530 1712 vastarunt,
1549 1661 1655 1702 dein-

378 1733 426 1774 de
449 1748 550 1776 vero
570 1735 719 1791 appulsi
737 1735 784 1775 ad
801 1736 882 1789 agri
903 1735 1083 1776 Laconici
1097 1747 1228 1784 oram,
1251 1746 1354 1788 quae
1374 1732 1430 1775 est
1447 1747 1471 1775 e
1494 1733 1655 1787 regione

377 1803 670 1858 Cyffleromm,
699 1805 767 1846 ubi
790 1805 845 1846 est
872 1805 1067 1860 Apollinis
1098 1804 1311 1860 templum,
1341 1803 1528 1844 nonnulla
1550 1803 1654 1846 illius

375 1873 461 1928 agri
491 1873 578 1915 loca
609 1872 828 1924 vastarunt,
862 1873 904 1914 δι
930 1875 1123 1929 quendam
1155 1875 1289 1916 locum
1318 1871 1465 1914 Isthmo
1490 1873 1651 1916 similem

375 1942 653 1992 muniverunt,
680 1954 727 1984 ut
747 1943 789 1984 &
810 1935 1216 1985 Lacedaemoniorum
1241 1943 1393 1986 servitia
1413 1944 1505 1985 illuc
1528 1954 1656 1987 transi

372 2009 578 2064 fugerent,
602 2010 645 2051 δι
672 2012 759 2052 inde
781 2012 974 2064 latrones,
999 2025 1043 2055 ut
1066 2027 1116 2054 ex
1139 2013 1263 2067 Pylo,
1290 2013 1516 2068 praedatum
1538 2015 1654 2058 irena

376 2078 510 2133 Atque
527 2078 810 2121 Demosthenes
830 2081 1005 2135 quidem,
1030 2081 1234 2137 postquam
1260 2095 1353 2122 eum
1373 2081 1505 2123 locum
1530 2095 1652 2125 muro

374 2149 604 2203 complexus
638 2152 834 2202 munivit,
863 2154 903 2192 in
933 2153 1154 2207 Corcyram
1184 2152 1357 2202 traiecit,
1386 2162 1459 2202 ut,
1480 2149 1655 2193 assumtis

372 2218 475 2259 illius
500 2220 668 2273 regionis
692 2220 829 2270 sociis,
852 2223 892 2262 in
919 2221 1081 2263 Siciliam
1105 2235 1224 2276 quam
1254 2221 1453 2262 celerrime
1484 2220 1652 2275 naviga—

373 2299 445 2330 ret.
471 2289 671 2331 Charicles
688 2304 790 2333 vero
809 2292 890 2332 illic
909 2291 1134 2346 permanfit,
1159 2290 1282 2330 donec
1300 2288 1583 2330 Demosthenes
1601 2289 1647 2329 il-

369 2357 454 2401 lum
472 2358 607 2400 locum
627 2361 873 2410 muniviffet3
899 2362 940 2401 δι
958 2360 1145 2416 praesidio
1163 2359 1237 2400 illic
1261 2358 1422 2406 reticio,
1445 2357 1577 2413 postea
1601 2358 1646 2399 δε

367 2429 447 2486 ipse
479 2444 569 2472 cum
598 2432 752 2485 triginta
780 2434 946 2477 navibus
979 2432 1018 2475 se
1042 2433 1202 2474 domum
1233 2431 1402 2487 recepit,
1432 2430 1474 2472 &
1502 2429 1650 2485 Argivi

367 2497 478 2541 fimul
505 2499 695 2543 abierunt.
