1702 3112
327 172 412 220 168
610 150 1301 217 THUCYDID'IS

319 286 361 317 τι
376 266 667 357 προσμίσγει·
671 286 750 315 και
766 285 847 322 τας
863 262 960 321 ναῧς
976 260 1076 317 ὅσαι
1092 262 1293 323 ἐπόνησαν
1309 256 1391 314 ὑπο
1404 285 1474 316 του
1489 284 1587 327 χει·

319 364 476 413 μωνος,
506 337 753 398 ἀνελκύσας
778 336 1069 402 ἐπεσκεύαζεν.
1099 342 1118 391 ὁ
1148 330 1193 390 δε
1221 340 1407 397 Νικίας,
1437 340 1588 392 πυθοα

321 440 442 488 μενος
458 411 581 470 αὐτον
599 412 809 471 πλέοντα,
831 410 1066 487 ὑπερεῖδε
1025 438 1071 466 το
1088 413 1248 475 πλῆθος
1265 439 1343 468 των
1359 428 1463 468 νεων
1484 414 1586 485 ὅπερ

322 516 402 545 και
428 498 462 545 οἱ
492 489 658 565 Θούριοι
688 488 852 544 ἔπαθον·
880 513 957 543 και
986 489 1283 563 Morunda-epar
1313 487 1418 554 ἔδοξε
1448 513 1587 564 παρε-

322 566 634 661 σκευασμένους
645 571 785 623 πλειν,
797 590 874 619 και
853 564 1081 637 οὐδεμίαν
1093 564 1300 628 φυλακην
1312 590 1385 619 πω
1398 569 1587 620 ἐποιεῖτο.

400 668 465 718 pe.
492 642 634 697 Κατ-α
651 634 695 696 δε
712 667 804 702 τους
826 639 976 700 αὐτους
1000 641 1163 732 χρόνους
1179 639 1320 694 τούτου
1347 643 1418 695 τοῦ
1441 640 1590 716 θέρους

324 744 404 775 και
382 719 782 790 Λακεδαιμόνιοι’
772 742 812 778 ες
828 743 874 771 το
875 710 1048 810 ἴΑργος
1063 715 1298 781 ἐσέβαλον,
1313 722 1436 777 αὐτοί
1449 741 1494 772 τε
1509 741 1591 772 και

326 804 361 850 οἱ
381 795 610 867 [ξύμμαχοι
622 835 633 852 ,
651 818 730 848 και
749 820 818 857 της
836 817 916 861 γης
931 819 997 856 την
1014 788 1185 855 πολλην
1201 786 1402 861 &nmo-av.
1418 818 1495 848 και
1511 795 1591 847 ’A-

327 876 473 934 θηναῖοι
489 874 690 945 '‘Apymaq
704 895 927 965 τριακοντα
911 894 1078 925 ναυσιν
1090 868 1343 932 ἒβοηθησαν,
1363 871 1512 963 fam?
1506 894 1587 930 τας

324 947 515 1021 σπονὸας
533 948 820 1040 φανερωτατα
837 972 938 1021 προς
950 947 1315 1017 Λακεδαιμονίους
1331 950 1468 1006 αυτοῖς
1487 944 1590 1009 §Au-

325 1048 424 1078 σαν.
452 1024 633 1099 πρότερον
660 1047 735 1094 μεν
762 1046 855 1092 γαρ
883 1029 1099 1091 λῃστείαις
1118 1025 1167 1076 ἐκ
1190 1021 1370 1079 Πύλου,
1393 1047 1471 1075 και
1496 1021 1595 1115 περὶ

324 1128 395 1163 την
421 1101 563 1162 αλλην
591 1100 908 1162 Πελοποννησον
936 1101 1114 1171 μᾶλλον
1140 1092 1163 1160 ᾖ
1186 1101 1225 1158 ἒς
1248 1123 1316 1161 την
1336 1094 1592 1161 Λακωνικην

326 1181 650 1241 αποβαίνοντες,
667 1199 787 1247 μετα
804 1199 849 1228 τε
866 1176 1063 1248 Ἀργείων
1079 1197 1156 1227 και
1136 1171 1445 1229 Μαντινέων
1435 1172 1590 1228 επολέ.

323 1279 441 1325 μουν.
460 1252 535 1308 καὶ
555 1253 781 1314 πολλάκις
797 1253 998 1327 Ἀργείων
1012 1250 1278 1308 κελευόντων,
1297 1250 1385 1307 ὅσον
1403 1252 1590 1316 σχόντας

320 1414 485 1470 appellit.
510 1414 548 1455 Ν
550 1427 643 1455 aves
661 1423 791 1455 autem
803 1443 816 1463 ‚
832 1422 1032 1467 quotquot
1052 1410 1275 1467 tempestate
1297 1409 1492 1467 quaffatae
1509 1409 1595 1451 fue-

321 1495 432 1535 rant,
457 1483 666 1534 subduxit,
687 1484 729 1525 &
751 1482 896 1525 refecit.
922 1483 1051 1524 Nicias
1068 1495 1193 1533 vero,
1215 1495 1307 1523 cum
1329 1494 1420 1523 eum
1440 1482 1481 1521 in
1499 1480 1595 1522 Sici-

318 1556 412 1597 liam
434 1557 572 1598 venire
604 1554 786 1605 audisset,
814 1555 998 1602 navium,
1028 1566 1124 1607 quas
1150 1551 1214 1594 ille
1242 1551 1374 1593 secum
1400 1550 1593 1601 ducebat,

319 1626 552 1680 paucitatem
574 1622 788 1666 contemfit.
814 1621 923 1676 quod
952 1622 994 1664 δι
1014 1621 1154 1663 Thurii
1170 1619 1359 1662 fecerunt.
1394 1619 1595 1660 Videban-

321 1706 386 1738 tur
407 1697 511 1737 enim
540 1694 784 1750 praedonum
808 1693 889 1734 ritu
911 1691 1084 1732 instructi
1108 1692 1296 1745 navigate
1310 1721 1324 1741 ,
1352 1701 1470 1744 atque
1498 1703 1593 1744 pro·

320 1778 451 1822 pterea
479 1766 623 1807 nullam
643 1764 853 1806 custodiam
874 1762 1001 1803 adhuc
1027 1762 1239 1804 adhibebat.

376 1838 468 1879 CV.-
494 1837 568 1878 Per
590 1835 722 1877 eadem
752 1833 868 1874 huius
890 1832 1038 1873 aestatis
1070 1843 1248 1887 tempora
1276 1831 1567 1876 Lacedaemonii
1577 1843 1594 1882 ‚‘

320 1922 412 1950 cum
436 1906 526 1963 ipfi,
555 1917 640 1947 tum
666 1902 836 1958 ipsorum
862 1901 977 1952 socii,
1000 1901 1255 1957 irruptionem
1279 1914 1361 1941 una
1390 1914 1480 1942 cum
1505 1900 1593 1956 ipsis

321 1979 364 2019 in
397 1991 534 2032 agrum
564 1976 761 2030 Argivum
796 1972 970 2016 fecerunt
985 2004 997 2022 ,
1029 1972 1188 2028 eiusque
1222 1986 1402 2027 magnam
1443 1983 1594 2028 partem

321 2048 531 2089 vastarunt.
565 2044 817 2088 Athenienses
835 2055 968 2086 autem
990 2059 1081 2087 cum
1101 2047 1258 2099 triginta
1277 2046 1464 2096 navibus,
1491 2058 1594 2099 quae

319 2116 500 2164 foedera,
532 2114 622 2169 ipfis
650 2126 739 2156 cum
761 2112 1074 2154 Lacedaemoniis
1105 2112 1405 2162 intercedentia,
1433 2110 1596 2152 manife-

319 2183 474 2226 stiffime
499 2193 710 2239 ruperunt,
738 2182 895 2236 Argivis
919 2182 1106 2224 auxilium
1130 2182 1315 2223 tulerunt.
1348 2182 1460 2222 Prius
1485 2181 1592 2222 enim

320 2251 423 2304 Pylo
444 2252 483 2292 in
505 2265 642 2306 agrum
667 2251 841 2292 vicinum
862 2261 1132 2299 excurrentes,
1159 2251 1201 2291 δι
1220 2251 1260 2290 ἰη
1283 2260 1452 2291 ceteram
1477 2250 1592 2290 Pelo-

318 2321 534 2376 ponnesum
559 2322 693 2376 potius
717 2334 837 2375 quam
857 2320 897 2359 in
927 2319 1157 2360 Laconicam
1181 2317 1474 2366 exscendentes‚
1497 2330 1589 2358 cum

319 2388 483 2442 Argivis
505 2388 546 2429 &
572 2388 780 2429 Mantineis
808 2388 1011 2429 latrocinia
1036 2387 1165 2441 potius
1188 2386 1444 2436 exercebant,
1467 2399 1588 2441 quam

318 2453 458 2500 iustum
476 2454 621 2498 bellum
639 2456 838 2511 gerebant.
865 2454 1061 2509 Quamvis
1080 2454 1182 2497 enim
1197 2454 1336 2510 Argivi
1355 2452 1458 2510 ipsos
1477 2452 1587 2508 saepe
