1754 3120
371 160 468 219 4&
578 156 1453 207 ANNOTATIONES

424 246 501 284 ead.
520 245 545 284 l.
571 258 630 284 12.
656 242 904 297 Τοπρότερον)
925 246 973 283 Tb
995 245 1167 298 πρότερον
1186 245 1285 287 Cass.
1305 247 1376 288 Gr.
1400 247 1444 288 &
1462 246 1547 296 ΙΙΙ,
1569 244 1646 288 116

370 298 470 353 Reg.
493 297 591 339 Caff.
619 298 781 338 Iunffim
806 311 904 338 vero
928 299 1018 338 dant
1043 300 1272 340 Herodotus
1293 302 1349 348 V,
1367 315 1414 355 9,
1441 316 1490 356 3,
1508 301 1645 343 Xeno-

371 353 482 407 phon
508 353 596 406 563,
623 351 711 406 328.
730 353 876 391 WAss.

425 407 517 460 Pag.
541 420 631 445 201.
650 407 675 445 l.
696 420 734 456 7.
753 403 982 457 Ἕξῆκοντα.)
1006 404 1211 447 Diodorus
1231 421 1317 462 pag.
1345 423 1418 463 335
1445 422 1481 449 a.
1501 405 1641 464 ὂγέοῆ-

371 473 488 501 κον-τοι
501 492 514 508 ,
532 459 573 500 δι
599 459 764 499 ὁπλίτας
785 459 1122 512 πεντακισχιλίους
1143 461 1242 501 dicit.
1267 463 1413 502 WAss.

425 516 499 553 ead.
519 513 544 552 l.
564 513 600 552 8.
621 516 680 552 Ἐκ
700 512 948 567 καταλόγου)
967 513 1068 554 Vide
1085 513 1331 555 Aristotelem
1351 516 1391 555 in
1411 515 1488 557 fine
1504 516 1640 557 Oeco-

372 580 478 608 nom.
498 567 562 607 ubi
583 563 827 607 Camerarius
841 580 915 620 pro
931 566 1177 622 καταλόγους
1199 579 1336 608 contra
1350 569 1435 610 Mff.
1452 572 1559 610 κατὰ.
1575 569 1641 608 aa·

370 636 473 675 χους
488 622 642 675 reponit
655 621 810 661 incaute
823 620 918 662 satis.
933 621 1033 662 Vide
1048 621 1324 662 Leunclavium
1337 623 1386 663 ad
1398 623 1642 678 Xenophon·

368 686 446 716 tem
474 688 561 729 pag.
585 674 674 729 823.
694 676 842 714 WAss.

424 731 500 770 ead.
525 731 550 769 l.
578 741 637 783 15·
667 727 970 782 Προσπλεύσιις)
997 727 1057 769 Cl.
1083 727 1276 778 πλεύσας,
1304 741 1346 770 at
1369 730 1463 772 iliud
1484 729 1640 784 elegan-

368 784 474 830 tius,
496 784 540 824 &
558 782 610 823 fic
629 783 747 823 etiam
769 782 905 823 au&or
924 783 1026 822 alibi.
1045 785 1199 824 WAss.

426 840 518 890 Pag.
533 850 622 878 202.
636 838 661 876 l.
679 850 737 876 10.
754 837 1014 890 Ξυνοινέπειθε)
1028 836 1087 877 Cl.
1102 836 1286 889 ξυνέπειθε
1299 847 1497 892 corrupte.
1507 836 1637 879 IDEM.

371 891 658 932 Ξυνοινοιπείθειν
674 890 765 929 dixit
786 891 1039 943 Thucydides
1058 892 1117 931 Vl
1127 921 1142 938 ,
1160 892 1223 932 88.
1244 893 1386 946 Neque
1401 901 1533 933 tamen
1549 905 1642 947 pro-

370 946 451 986 bati
473 945 675 1000 scriptores
695 943 891 996 refugiunt
914 944 1139 995 συμπείθειν.

427 1001 518 1053 Pag.
548 1013 635 1052 203.
666 1000 690 1038 I.
720 1012 758 1052 9.
778 998 848 1039 Τὴν
870 1001 1128 1053 Συρακουσίων
1153 998 1261 1054 ἀπ.)
1287 999 1347 1040 Cl.
1370 998 1437 1041 τὴν
1463 998 1539 1041 τῶν
1564 1005 1640 1042 Συ-

371 1053 582 1109 ρακουσίων.
607 1052 721 1093 redte.
741 1055 886 1093 WAss.

427 1109 519 1159 Pag.
540 1120 631 1156 204.
655 1107 680 1146 l.
710 1121 743 1146 1.
770 1103 1125 1161 Πειρεσκευίισοιτο)
1153 1107 1224 1148 Gr.
1247 1102 1641 1161 vaepecnzhacro.Vi-·

369 1161 416 1202 de
433 1161 678 1214 Polyaenum
694 1159 734 1209 Ι,
748 1175 813 1210 42.
833 1160 978 1200 WAss.
995 1161 1090 1206 Non
1104 1159 1375 1214 aspernandam
1389 1160 1527 1202 censeo
1551 1160 1640 1201 scri-

367 1226 523 1269 pturam
549 1213 649 1255 Cod.
681 1215 753 1256 Gr.
780 1213 1076 1267 [Ιοιρεσιιε-ἰιιιστο
1110 1218 1155 1254 το
1187 1218 1362 1256 ναυτικὴν
1382 1215 1462 1263 est,
1490 1215 1532 1255 αι’
1558 1214 1642 1256 vn'ee

368 1270 635 1322 ἐπληρώθησαν
662 1263 735 1308 ὑπὸ
760 1268 833 1308 τῶν
856 1269 1121 1320 Συρακουσίων.
1146 1269 1281 1309 Utitur
1303 1271 1357 1309 ita
1379 1271 1422 1310 &
1449 1270 1540 1309 alibi
1568 1269 1642 1309 illo

369 1334 546 1377 tempore
574 1322 687 1364 huius
708 1322 818 1363 verbi
839 1322 1102 1375 Thucydides.
1124 1322 1202 1370 111,
1235 1337 1323 1375 107,
1345 1323 1447 1364 Ἐπεὶ
1469 1322 1516 1363 δὲ
1541 1339 1640 1377 παρ-

367 1377 579 1418 εσκεύαστο
601 1372 740 1417 αὐτοῖς.
774 1376 822 1416 Et
855 1375 938 1426 IV,
962 1377 1035 1426 67,
1065 1376 1217 1418 ’Em-tasi»
1239 1377 1535 1431 παρεσκεύαστο
1561 1377 1640 1428 ἀμ,-

370 1432 541 1484 φοτέροις.
561 1429 626 1471 Ad
648 1443 694 1471 ea
707 1462 720 1480 ‚
742 1443 844 1484 quae
865 1429 912 1470 de
935 1429 1146 1471 discrimine
1164 1431 1263 1471 inter
1281 1433 1407 1485 νεώρια
1434 1432 1475 1472 δι
1501 1431 1642 1472 νεωσοί·
1688 1442 1691 1444 ·

367 1501 457 1527 κους
475 1486 515 1525 in
537 1485 630 1525 Var.
650 1485 754 1525 Le&
773 1484 888 1524 habet
909 1483 1140 1531 Hudsonus‚
1159 1484 1242 1525 add.
1265 1498 1365 1539 quae
1379 1485 1427 1525 ad
1441 1484 1638 1526 Pollucem

367 1540 448 1588 IX,
463 1539 512 1580 28
535 1539 742 1580 annotavit
754 1537 1073 1579 Hemsterhufius.
1091 1538 1156 1579 De
1171 1539 1371 1581 νεωσοίκοις
1385 1537 1514 1580 rursus
1530 1539 1640 1580 Hud-

366 1593 449 1636 son.
467 1593 565 1634 infra
585 1593 634 1633 ad
656 1606 742 1648 cap.
769 1606 832 1647 25.

426 1649 516 1700 Pag.
549 1661 637 1702 205.
669 1647 695 1687 l.
725 1648 763 1688 6.
795 1645 866 1687 Τὴν
890 1645 1043 1702 ’γνώμην
1065 1646 1364 1702 προσεχόντων)
1390 1645 1445 1698 Τξῖ
1478 1647 1638 1702 γνώμῃ,

367 1703 476 1756 quod
499 1701 561 1742 hic
575 1702 617 1742 &
636 1701 678 1748 1,
698 1713 745 1755 95
769 1699 807 1740 in
828 1701 1002 1755 quinque
1019 1700 1105 1741 Mff.
1130 1701 1295 1753 legitur,
1314 1699 1480 1742 fortaffis
1500 1712 1633 1742 ortum

369 1756 424 1797 est
448 1769 471 1797 e
492 1755 592 1795 male
617 1754 792 1809 expreffo
810 1770 853 1803 ν,
875 1755 983 1808 quod
999 1768 1079 1818 pro
1099 1769 1111 1794 ι
1133 1753 1322 1809 adscripto
1346 1756 1467 1809 accipi
1492 1757 1637 1810 potuit.

368 1809 580 1864 Προσέχειν
599 1812 661 1850 τον
685 1807 759 1850 νοῧν
780 1808 822 1849 &
846 1809 913 1849 ‘rim
933 1823 1084 1862 ’γνωμην
1103 1809 1253 1861 ubique
1273 1809 1408 1849 dicunt
1431 1808 1641 1903 scrilptoree

300 1914 302 1916 ,
366 1865 535 1912 Graeci,
558 1876 641 1904 non
661 1863 717 1914 τῷ
747 1862 814 1913 νῷ,
846 1875 918 1903 nec
942 1861 992 1913 τῇ
1016 1863 1161 1917 γνώμῃ.
1190 1862 1444 1916 Thucydides
1474 1864 1492 1904 Ι
1519 1893 1533 1910 ,
1561 1877 1603 1903 11
1621 1893 1637 1914 ,

367 1919 424 1968 V,
451 1919 525 1966 26,
553 1917 654 1965 VII,
683 1932 755 1972 15,
781 1917 824 1958 δι
847 1929 994 1957 omnes.
1023 1917 1107 1959 Nec
1126 1915 1326 1970 quisquam
1347 1917 1526 1971 probabit
1545 1916 1637 1957 scri-

367 1984 523 2027 pturam
548 1971 647 2012 Cod.
673 1971 772 2025 Reg.
807 1970 1099 2025 προσοιγόντωνε
1124 1972 1191 2025 qui
1216 1972 1257 2011 &
1279 1971 1398 2026 paulo
1421 1982 1511 2013 ante
1533 1970 1639 2014 male

367 2026 580 2072 ἐπιβάντες.
602 2024 931 2072 ’Evam-maanus
949 2024 1003 2066 est
1020 2026 1139 2066 etiam
1158 2024 1269 2077 supra
1286 2025 1368 2074 VI,
1393 2039 1459 2078 97.

422 2081 512 2133 Pag.
538 2081 626 2121 206.
647 2082 672 2120 l.
697 2094 757 2135 13.
786 2078 983 2133 Nun-1819»)
1010 2078 1178 2120 Insulam
1204 2079 1373 2134 intellige
1391 2078 1633 2133 Ortygiam,

365 2133 480 2186 Ib'yci
505 2144 683 2189 tempore
708 2147 847 2188 aggere
874 2134 1088 2174 continenti
1121 2132 1363 2180 adiunctam,
1387 2142 1508 2187 ponte
1532 2144 1636 2175 vero

366 2188 566 2230 Ciceronis
586 2202 704 2230 aevo.
725 2188 800 2229 vid.
819 2187 1050 2229 Strabonem
1072 2186 1114 2236 1,
1141 2200 1211 2240 59,
1231 2187 1290 2227 VI
1303 2215 1315 2235 ,
1340 2200 1443 2239 270,
1461 2186 1634 2230 Diodor-

365 2242 422 2291 V,
447 2256 484 2296 p.
509 2256 610 2290 200,
632 2242 713 2284 Cic.
742 2243 900 2284 Verrin.
919 2241 997 2291 IV,
1022 2254 1092 2294 52,
1126 2254 1143 2291 5
1176 2272 1185 2280 .
1204 2242 1350 2281 WAss.

421 2296 514 2349 Pag.
541 2309 630 2346 207.
651 2298 676 2336 l.
705 2309 765 2337 11.
791 2295 1107 2349 Ἀνελκυσμένοιι)
1175 2307 1224 2335 oc
1247 2293 1329 2334 fine
1351 2293 1471 2335 dubio
1492 2294 1549 2335 est
1568 2294 1632 2335 vi-

363 2350 463 2391 tium
484 2350 697 2391 editionum
721 2363 744 2390 e
765 2349 1024 2403 Stephaniana
1051 2350 1091 2389 in
1113 2349 1346 2389 recentiores
1370 2359 1632 2404 propagatum

363 2417 439 2459 pro
457 2403 756 2456 ἀνειλκυσμένοιι.
779 2404 871 2446 vid.
890 2404 986 2444 var.
1007 2403 1111 2457 Lest.

418 2462 494 2500 ead.
518 2459 542 2500 Ι.
576 2472 635 2509 14.
661 2452 758 2499 odae’
778 2456 810 2499 οἱ
834 2479 879 2489 --
903 2455 1151 2511 ἐπιτηὲείων)
1174 2456 1321 2497 Thom.
1354 2455 1536 2512 Magister
1557 2468 1634 2512 pro
