1760 3100
477 298 963 348 EPITOME
1037 279 1335 348 LIBRI
1399 299 1496 349 vl.

419 440 456 487 S
463 453 489 487 Ι
503 453 569 487 CI
581 452 616 487 L
631 452 658 487 Ῑ
669 449 701 486 A
717 452 752 486 E
776 439 1055 501 magnitudo‚
1075 440 1272 503 urbtstue
1292 441 1334 486 <L-
1357 453 1510 502 gentes
1527 447 1624 488 eam'

354 507 583 553 incolentes
600 505 863 569 referuntur.
886 504 999 564 Cap.
1022 517 1097 551 VI.
1116 505 1327 566 Adversus
1342 523 1470 568 quam
1486 507 1624 553 Athe-

353 571 541 632 nienses.
551 570 695 635 specie
717 582 765 615 ut
780 569 1004 631 Egestanis
1022 581 1172 614 contra
1183 569 1466 631 Syracusanos
1489 573 1623 617 auxi-

353 637 412 681 lio
433 636 582 697 effimt,
609 652 654 681 re
672 635 762 699 ipsa
791 646 841 679 ut
871 633 1052 694 insuam
1076 633 1275 678 ditionem
1295 635 1536 696 redigerent
1551 638 1622 681 in-

337 701 515 763 sulam,
534 700 839 764 expeditionem
847 709 1091 761 pararunt:
1119 698 1360 760 claffiemque
1381 703 1620 746 maximam

354 767 397 825 da·
433 765 812 826 instruc‘liffimam.
840 763 974 809 Nicia
1004 765 1046 808 τὸ·
1074 763 1295 808 Alcibiade
1330 765 1372 808 θ]
1400 764 1621 811 Lamacho

351 830 553 877 ducibus,
582 846 624 873 eo
644 828 862 888 miserunt.
890 838 1044 873 XXIX.
1076 826 1262 872 Haecin
1287 828 1511 893 Corcyram
1521 831 1622 894 pri-

347 911 436 941 mo,
454 893 550 938 inde
562 894 743 938 Italiam
758 894 942 940 veniens,
953 892 1087 955 paulo
1100 893 1196 956 pcfi
1210 894 1253 937 in
1266 893 1461 938 Siciliam
1480 893 1621 955 trans-

349 958 483 1020 miffiz.
503 970 652 1004 XLIV.
669 957 854 1002 Praeter
868 955 1091 1018 Egestam,
1110 957 1270 1001 Naxus
1291 975 1450 1020 quoque
1471 960 1512 1003 dr
1532 959 1619 1004 Ca·-

347 1035 457 1068 tana
480 1022 601 1067 urbes
622 1021 898 1082 Athenienses
915 1033 1171 1084 receperunt.
1192 1033 1259 1066 LI.
1281 1022 1402 1068 Hinc
1420 1023 1616 1069 Alcibia-

350 1088 422 1133 des
439 1087 487 1132 ob
508 1086 771 1134 Hermarum
782 1087 1084 1150 praecifionem
1110 1087 1153 1130 d:-
1180 1086 1270 1131 alia
1294 1089 1501 1135 crimina,
1526 1090 1617 1134 iam

349 1164 450 1198 ante
482 1152 789 1216 profetiionem
821 1153 1016 1211 agitata,
1047 1162 1289 1198 revocatus,
1315 1154 1478 1197 veritus
1500 1153 1618 1198 iudi-

347 1219 461 1262 cium
486 1218 660 1281 populi,
692 1216 984 1264 voluntarium
1010 1217 1053 1261 in
1079 1215 1274 1277 &filium
1302 1217 1410 1262 ivit:
1451 1217 1493 1262 tla-
1523 1217 1615 1262 obi-

349 1293 415 1326 ter
430 1317 446 1329 ,
481 1282 530 1327 de
561 1281 767 1345 facinore
801 1281 1101 1343 Aristogitonis
1137 1281 1178 1324 d:
1209 1279 1454 1326 Harmodii.
1499 1293 1611 1329 LIV.

342 1357 431 1391 LX.
458 1346 565 1392 Cum
581 1345 859 1405 Athenienses
886 1345 1076 1391 Catanae
1087 1343 1142 1405 se
1169 1345 1316 1406 castris
1332 1346 1468 1408 quieti
1495 1357 1614 1392 tene-

341 1423 464 1460 rent,
490 1410 751 1474 Syracusani
758 1410 930 1474 feroces
948 1411 1181 1455 exercitum
1195 1409 1330 1470 suum
1358 1410 1463 1456 illuc
1484 1411 1612 1472 mise-

345 1488 463 1521 runt.
497 1493 581 1539 qua
606 1476 820 1537 occcffione
848 1473 1122 1534 Athenienses
1149 1476 1267 1519 nocte
1297 1474 1357 1519 ad
1379 1474 1614 1538 Syracusas

339 1540 466 1602 claffe
496 1541 763 1587 circumvecti
771 1575 786 1588 ,
809 1540 851 1584 <L-
882 1539 967 1584 loco
996 1539 1136 1584 idoneo
1164 1539 1302 1600 castra
1324 1541 1508 1588 metati,
1529 1540 1610 1602 Sy<

340 1605 572 1666 racusanos
601 1604 824 1650 redeuntes
850 1605 941 1649 acie
957 1605 1162 1649 vicerunt.
1185 1615 1357 1650 LXVII.
1391 1604 1498 1649 Inde
1524 1605 1608 1651 Ca·-

342 1681 493 1715 tanam
518 1669 681 1731 reversi.
706 1680 854 1714 LXXI.
875 1668 1118 1712 Alcibiades
1142 1667 1266 1729 exsul
1283 1685 1309 1713 a
1325 1667 1606 1715 Lacedaemo·-

339 1736 427 1782 niis
449 1736 638 1782 accitus,
673 1745 722 1778 ut
737 1732 1017 1795 Syracusanis
1032 1732 1178 1778 ducem
1198 1733 1239 1777 <lx
1263 1733 1432 1778 auxilia
1459 1736 1607 1779 mitte«

338 1811 464 1856 rent,
500 1816 550 1845 ac
572 1798 802 1844 Deceleam
837 1799 880 1842 in
909 1798 1059 1842 Attica
1094 1799 1425 1846 communirent,
1443 1799 1607 1860 suasit.

339 1872 449 1909 XCI.
482 1865 649 1926 Aestate
666 1862 870 1924 sequente
886 1861 1161 1922 Athenienses
1194 1861 1253 1907 ad
1271 1861 1506 1924 Syracusas
1534 1879 1608 1908 re·-

336 1929 470 1990 verfi‚
488 1927 676 1993 Epipolis
694 1929 851 1990 captis,
872 1928 1039 1988 acieque
1057 1926 1209 1971 ibidem
1229 1926 1510 1990 Syracusanis
1530 1927 1605 1972 de-

337 1994 487 2041 vietis,
522 1993 665 2038 urbem
688 1993 1015 2037 circummunire
1039 1991 1277 2036 ordiuntur.
1309 2003 1458 2036 xclx.
1495 1989 1603 2038 Cum

337 2057 621 2120 Syracusanis
646 2073 772 2120 opera
798 2056 997 2120 impedire
1021 2056 1269 2101 conantibus
1294 2056 1456 2118 aliquot
1474 2072 1604 2120 proe·

337 2122 411 2167 liis
423 2122 613 2183 secundo
639 2133 789 2168 eventu
803 2132 1031 2184 pugnant:
1062 2120 1189 2165 donec
1213 2137 1375 2180 magna
1403 2136 1456 2166 ex
1470 2131 1602 2184 parte

331 2187 643 2248 munitionibus
673 2186 816 2231 urbem
845 2185 1103 2245 clauserunt.
1133 2197 1220 2228 CII.
1243 2183 1445 2248 Gylippus
1465 2202 1492 2230 a
1508 2185 1601 2231 La-

332 2251 615 2296 cedaemoniis
644 2251 732 2295 dux
754 2249 1032 2312 Syracusanis
1060 2248 1228 2310 mistus,
1263 2250 1307 2293 in
1327 2249 1506 2294 Italiam
1529 2266 1601 2295 ve-

334 2318 415 2362 nit.
436 2328 544 2362 CIV.
558 2314 854 2374 Athenienses,
867 2313 1106 2359 Laconicae
1118 2324 1247 2376 parte
1254 2313 1488 2376 populata,
1497 2329 1598 2379 pro*

323 2381 478 2445 palam
482 2379 644 2445 foedus
658 2379 1038 2427 Lacedaemonium
1059 2389 1279 2442 ruperunt.
1301 2389 1387 2428 cv.
