1754 3120
386 209 481 259 ¹74
669 191 1364 239 THUCYDIDIS

382 283 587 362 ἁριστερῖι»
614 286 653 343 ἒς
671 280 836 357 Ῑμέραν
852 307 1009 357 πρωτον
1029 282 1316 344 πλεύσαντες,
1341 309 1420 338 και
1439 283 1588 346 αὐτούς
1604 310 1652 342 τε

383 365 554 422 ἔκείνους
568 385 646 415 και
662 384 866 433 στρατιαν
887 359 1031 440 ἄλλην
1044 359 1446 434 προσλαβόντες,
1405 386 1472 421 ους
1487 357 1538 415 ἂν
1553 369 1655 416 πεί-

385 444 510 496 θωσι,
528 462 653 492 κατα
671 438 749 504 γῆν
771 434 940 489 meme.
960 460 1039 488 και
1055 435 1183 501 εδοξεν
1200 442 1338 497 αὐτοῖς
1360 436 1431 491 ἐπι
1449 463 1520 499 της
1535 435 1654 511 Ἰμε-

384 541 464 609 ρας
481 519 630 572 πλεῖν,
653 514 811 572 ἄλλως
831 535 877 565 τε
895 536 974 564 και
996 537 1075 566 των
1098 514 1300 567 Ἀττικων
1324 515 1540 587 τεσσάρων
1562 536 1656 572 νεων

384 591 504 646 οἷῖπω
516 614 736 683 παρουσων
751 594 786 643 ἐν
804 615 864 642 τω
884 588 1044 661 Ρηγίῳ
1054 627 1067 645 ,
1082 590 1136 647 ἃς
1150 614 1168 641 ο
1157 590 1386 649 Νικίας”
1360 615 1474 663 ομως
1491 595 1655 645 πυνθα-

385 670 546 762 νόμενος
574 665 724 726 αὐτους
746 669 782 719 ὲν
805 667 985 739 Λοκροῖς
1011 665 1110 719 εἰναι
1130 663 1381 720 ἀπεστειλε.
1408 667 1657 731 φθάσαντες

387 739 435 799 de
461 771 531 808 την
556 737 764 809 φυλακην
789 741 940 810 ταύτην
965 765 1229 816 περαιουνται
1256 741 1329 796 δὶα
1360 745 1431 796 τοῧ
1458 745 1657 835 πορθμοῦ·

387 846 470 876 και
488 822 662 886 σχόντες
685 820 848 891 Ῥηγίῳ
867 842 945 871 και
967 817 1166 887 Meo-nvn,
1187 818 1466 884 αφικνοῧνται
1485 823 1525 880 ἐς
1540 815 1657 892 Ἰμε-

388 923 477 973 ραν.
497 921 581 950 εκει
565 888 695 949 (52³
668 919 795 955 οντες,
812 920 904 954 τους
923 917 969 947 τε
991 893 1264 975 Ἱμεραίους
1239 919 1415 950 επεισαν
1434 899 1658 966 ξυμπολι-

389 979 535 1065 μεῖν,
522 997 600 1027 και
620 970 772 1032 αὐτούς
789 994 835 1025 τε
853 967 1075 1028 ενι-εσθαι,
1096 996 1175 1025 και
1194 976 1278 1032 τοῖς
1297 975 1346 1026 ἐκ
1362 996 1442 1026 των
1465 997 1558 1027 νεων
1577 997 1659 1026 των

390 1047 603 1125 σφετερων
623 1072 795 1107 ναυταις
813 1046 898 1101 ἴσοι
915 1072 979 1119 μη
1000 1047 1109 1111 εἰχον
1135 1047 1263 1102 ὅπλα
1285 1053 1549 1122 παρασχεῖν.
1575 1071 1660 1109 τας

388 1151 487 1196 ’γαρ
504 1150 601 1186 ναυς
618 1131 875 1179 ἀνείλκυσαν
891 1126 927 1177 ἒν
943 1121 1105 1198 Ἱμέρα.
1122 1148 1201 1178 και
1219 1150 1313 1185 τους
1327 1126 1660 1217 Σελινουντίους,

387 1201 647 1277 πεμψαντες
668 1199 848 1255 ἑκελευον
863 1201 1066 1255 ἁπαν-ταν
1085 1224 1364 1278 πανστρατια
1381 1199 1422 1262 ἒς
1439 1227 1479 1255 τι
1497 1208 1659 1276 χωρίον.

389 1360 562 1416 primum
583 1367 779 1414 peterent,
798 1357 839 1398 &
862 1371 951 1398 cum
970 1357 1041 1398 illis
1058 1357 1148 1413 ipsis
1170 1357 1406 1408 Himeraeis,
1434 1368 1520 1400 tum
1544 1358 1663 1399 etiam

388 1431 476 1472 aliis
498 1430 630 1485 ‘copiis
654 1427 851 1479 assumtis,
880 1442 930 1470 ex
953 1428 1111 1471 illorum
1135 1442 1326 1479 numero,
1354 1442 1457 1484 quos
1485 1428 1534 1470 ad
1561 1428 1663 1470 hanc

386 1499 676 1555 expeditionem
698 1497 881 1538 inducere
909 1496 1144 1551 potuissent,
1177 1496 1390 1551 Syracusas
1421 1498 1562 1538 itinere
1582 1507 1663 1537 ter-

387 1567 499 1610 restri
525 1565 872 1623 proficiscerentur.
909 1565 1004 1621 Ipfis
1026 1577 1158 1608 autem
1179 1566 1328 1620 placuit
1350 1555 1549 1608 Himeram
1569 1578 1664 1621 pro·
1731 1567 1741 1622 ἶν

389 1636 511 1678 ficisci
525 1668 538 1687 ‚
564 1634 786 1691 praesertim
809 1635 918 1690 quod
950 1647 1121 1689 quatuor
1145 1634 1301 1677 Atticae
1332 1648 1455 1677 naves
1486 1634 1663 1676 nondum

390 1707 592 1761 Rhegium
611 1704 862 1760 appulerant,
879 1718 976 1759 quas
989 1706 1146 1752 Nicias,
1169 1706 1354 1762 quamvis
1373 1705 1524 1747 classem
1544 1703 1666 1745 hosti·

390 1776 470 1818 lem
494 1785 789 1825 contemneret,
812 1785 945 1815 tamen
967 1775 1015 1816 ad
1037 1776 1121 1816 eius
1141 1776 1355 1818 adventum
1377 1775 1667 1818 observandum

391 1843 567 1893 miserat,
591 1856 682 1884 cum
706 1855 776 1883 eos
799 1842 903 1897 apud
926 1842 1078 1884 Locros
1101 1843 1176 1885 ess'e
1197 1842 1448 1884 intellexisset.
1472 1842 1546 1884 Sed
1565 1843 1664 1896 Gy-
1727 1887 1730 1890 ,

390 1913 523 1968 lippus
540 1914 582 1954 &
602 1912 762 1966 Pythen
785 1912 890 1953 hunc
915 1911 1074 1954 istarum
1100 1913 1264 1955 navium
1289 1913 1522 1964 adventum,
1546 1925 1666 1968 atque
1720 1916 1722 1919 ’

393 1983 467 2023 has
477 1982 663 2024 excubias
678 1991 995 2036 praevertemnt,
1021 1995 1067 2024 ac
1082 1995 1151 2038 per
1165 1981 1306 2024 fretum
1319 1983 1360 2023 in
1374 1982 1539 2024 Siciliam
1556 1983 1668 2024 ocius

391 2054 644 2094 traiecerunt.
671 2051 721 2092 Et
747 2064 838 2091 cum
861 2050 1056 2105 Rhegium
1079 2065 1125 2093 ac
1147 2052 1236 2094 inde
1257 2051 1468 2094 Messanam
1500 2049 1668 2107 appulis-

393 2121 478 2163 sent
489 2154 503 2172 ,
522 2122 723 2163 Himeram
743 2121 914 2161 iverunt.
929 2120 1033 2162 Cum
1056 2132 1188 2162 autem
1206 2121 1283 2163 illic
1295 2121 1435 2172 essent,
1448 2122 1668 2163 Himeraeis

395 2192 693 2249 persuadebant,
713 2203 759 2233 ut
780 2205 889 2233 arma
907 2191 1196 2243 consociarent,
1216 2193 1258 2234 δι
1280 2192 1318 2233 se
1334 2192 1610 2248 sequerentur,
1623 2193 1668 2234 &

396 2266 526 2307 nautis
543 2264 619 2306 suis
637 2278 767 2314 arma,
786 2264 929 2318 quibus
951 2264 1127 2311 deerant,
1147 2263 1386 2317 praeberent.
1414 2263 1547 2304 Naves
1563 2264 1669 2304 enim

398 2338 587 2379 Himerae
606 2335 875 2378 subduxerant.
898 2335 1098 2375 Praeterea
1122 2333 1376 2384 Selinuntios‚
1394 2332 1508 2374 miffis
1531 2333 1577 2374 ad
1598 2345 1670 2375 eos

398 2408 567 2458 nuntiis,
601 2407 651 2447 ad
678 2405 870 2461 quendam
899 2405 1031 2445 locum
1062 2402 1149 2458 ipsis
1180 2403 1443 2458 designatum,
1476 2402 1546 2442 sibi
1577 2416 1669 2443 cum

402 2477 588 2520 omnihus
610 2477 738 2533 copiis
760 2476 921 2531 obviam
940 2475 1074 2521 venire
1094 2473 1295 2530 iusserunt,
1313 2472 1534 2516 Nonnuuas
1551 2472 1668 2522 etiam
