1754 3120
412 171 511 227 494
614 158 1483 213 ‘ANNOTATIONES

412 248 505 290 ναῦς
517 249 588 291 τῶν
601 250 799 293 Ἀθηναίων.
815 252 939 295 Lucas
953 253 991 293 in
1006 254 1094 296 Αᾶ.
1110 252 1290 307 Apostol.
1308 253 1487 305 XXVII,
1504 269 1571 309 39,
1589 256 1679 310 {25⁴

412 318 479 344 σαι
501 307 544 344 τὶ
569 305 696 345 πλοῖον
719 307 834 346 etiam
860 320 929 347 eos
952 308 1063 354 dicit,
1088 309 1156 361 qui
1176 307 1244 362 ipfi
1268 309 1400 348 navim
1424 310 1463 348 in
1484 310 1572 350 litus
1599 312 1677 350 im-

411 358 602 411 pingunt,
632 360 738 412 quod
759 361 878 400 navim
902 361 939 400 in
961 372 1080 401 terram
1101 361 1210 401 eiicere
1231 361 1321 401 dicit
1343 362 1484 402 Caesar
1505 363 1560 404 III
1581 363 1674 406 Civ.

413 425 486 461 273
505 422 550 452 ut
574 425 654 453 non
675 427 765 454 raro
787 414 829 453 in
857 413 1102 466 tempestate,
1123 414 1188 456 vel
1212 414 1320 455 hoste
1339 415 1583 470 insequente,
1606 417 1675 460 vel

411 465 467 504 ob
484 466 596 506 aliam
618 465 716 507 caus
733 481 770 507 m
790 466 874 507 fieri
893 467 998 508 solet.
1018 468 1153 509 Scribit
1166 468 1219 508 ibi
1237 468 1425 517 Grotius,
1440 470 1492 512 fic
1506 471 1672 525 Thucy-

411 518 533 560 didem
563 520 619 559 uti
643 533 714 562 ver
744 534 771 562 o
804 520 957 573 ἐξῶσαι.
980 522 1053 562 Sed
1080 522 1120 561 in
1147 521 1234 568 his,
1263 535 1363 576 quae
1383 525 1552 576 protuli,
1575 526 1674 567 locis

410 572 655 626 Thucydidis
666 605 678 623 ‚
696 587 777 615 non
794 574 973 616 dicuntur
988 575 1042 616 illi
1062 574 1201 629 ἐξωθεῖν
1217 587 1335 616 naves
1345 607 1356 625 ,
1372 577 1440 629 qui
1457 578 1502 618 iis
1518 579 1671 621 vehun-

410 637 497 674 tur,
517 628 685 683 utyapud
706 629 872 678 Lucam,
887 629 1012 670 necin
1033 629 1081 670 iis
1101 628 1243 682 ἐξῶσαι
1265 627 1354 670 ναῦς
1373 630 1426 670 εἰς
1435 630 1502 673 τὴν
1551 631 1588 674 ἦν
1610 647 1672 675 re-

410 680 471 720 &e
492 691 620 721 vertas
634 696 742 723 naves
758 684 795 722 in
812 695 933 724 terram
947 684 1055 724 eiicere
1065 712 1078 730 ,
1092 695 1194 738 quae
1207 682 1431 736 fignificatio
1443 698 1516 726 ver
1544 686 1575 726 is
1594 687 1672 728 Lu-

409 747 478 775 cae
499 736 696 777 convenit.
719 735 843 777 Etiam
865 738 906 777 in
930 738 1089 792 proeliis
1109 736 1349 778 terrestribus
1372 736 1515 790 ἐξωθεῖν
1537 740 1671 782 dicun-

409 798 498 838 tur,
526 790 595 843 qui
621 789 767 831 hostem
790 791 879 832 loco
909 791 1080 845 pellunt;
1105 790 1352 844 ἐξωθεῖσθαι,
1374 792 1444 845 qui
1491 793 1669 836 elluntur.

408 841 632 884 Plutarchus
646 844 806 886 Romul.
820 858 906 900 pag.
927 860 995 898 52,
1008 844 1236 898 ἐξωθούμενοι
1250 844 1324 885 τῶν
1339 846 1460 886 {ormi
1487 862 1545 887 ων.
1561 848 1674 890 Thu-

409 898 569 948 cydides
587 898 643 947 V,
663 912 738 950 72,
758 899 827 938 Καὶ
854 899 1131 950 κυκλωσάμενοι
1148 897 1335 953 ἔτρεψαν,
1358 900 1424 940 καὶ
1445 899 1609 954 ἐξέωσαν
1631 903 1672 944 ἐς

408 953 483 991 τὰς
504 950 676 1004 ἁμάξας.
698 952 838 993 Pollux
859 951 899 1002 I,
925 953 995 1006 165
1012 984 1023 1002 ‚
1048 953 1199 1005 ἐξώθουν
1218 949 1418 994 ἀλλιῆλους.

463 1009 537 1045 ead.
555 1007 579 1045 l.
598 1019 615 1045 1
626 1019 655 1045 1.
668 1007 723 1047 Ἐν
737 1006 918 1047 ἅπασαις
936 1006 1028 1047 ταῖς
1040 1006 1304 1061 ναυμαχίαις)
1317 1005 1388 1048 Gr.
1402 1007 1529 1050 minus
1543 1022 1671 1052 emen-

407 1059 495 1100 date
517 1059 581 1100 ἐπὶ
605 1061 767 1102 πάσαις.
785 1063 934 1101 WASS.

461 1114 554 1166 Pag.
579 1128 668 1168 233.
688 1115 714 1154 l.
738 1130 776 1164 4.
799 1117 894 1168 Πρὸς
915 1113 981 1156 τὴν
999 1113 1139 1155 ἑαυτῶν
1159 1112 1372 1165 ἑπιστῆμην
1394 1129 1439 1155 τε
1463 1115 1530 1156 καὶ
1552 1114 1672 1159 Nemi

405 1167 498 1222 μιν)
518 1168 659 1208 Portus
677 1170 765 1222 προς
783 1168 892 1209 aliter
911 1181 1003 1210 acce
1030 1169 1082 1215 it,
1101 1181 1215 1222 quam
1232 1169 1364 1215 Valla,
1387 1169 1455 1223 qui
1474 1182 1670 1223 verterat,

405 1238 450 1261 ex
461 1221 532 1274 fica
544 1223 671 1274 peritia
685 1222 822 1276 suisque
839 1223 979 1264 viribus.
1041 1235 1092 1263 oc
1113 1216 1302 1276 praeseri).
1322 1223 1570 1277 Thucydides
1587 1226 1663 1275 IV,

409 1288 483 1328 39,
511 1275 775 1330 Ἐνέεεστέρως
801 1274 954 1328 ἑκάστῳ
985 1276 1192 1330 παρεῖχεν,
1214 1275 1234 1317 ἶὶ
1259 1279 1350 1331 προς
1380 1276 1446 1318 τὴν
1471 1277 1641 1331 ἐξουσίαν
1653 1309 1672 1328 ,

405 1342 525 1383 quam
544 1346 610 1384 pro
630 1332 738 1384 copia.

457 1388 531 1424 ead.
556 1386 580 1424 l.
607 1384 643 1426 8.
667 1381 985 1439 Προῦξαγαγὼν)
1006 1384 1135 1424 Antea
1154 1382 1451 1438 προεξαγαγών.
1471 1385 1541 1427 Gr.
1562 1386 1668 1428 reete

404 1435 712 1494 προῦξαγαγέον,
727 1440 833 1493 quod
850 1437 1028 1493 reposui:
1050 1449 1094 1479 ut
1116 1433 1441 1493 προῦργιαίτερος,
1459 1439 1644 1494 προῦργου
1652 1470 1669 1490 ,

404 1491 609 1547 προῦπτος.
632 1495 777 1533 WASS.
1730 1507 1731 1511 ’

458 1547 551 1601 Pag.
575 1561 665 1601 234.
690 1548 715 1586 l.
736 1562 774 1596 4.
795 1545 843 1586 Οἱ
860 1545 906 1586 ἑὲ
922 1544 1118 1600 Ἀθηναῖοι)
1141 1544 1220 1585 Ets1
1238 1557 1375 1586 omnes
1391 1545 1476 1586 libri
1497 1557 1669 1601 excepto

403 1599 475 1641 Gr.
494 1600 636 1641 habent
661 1599 861 1651 Ἀθηναῖοι,
880 1610 1010 1640 tamen
1032 1609 1210 1653 apertum
1232 1599 1308 1647 est,
1328 1600 1365 1639 id
1380 1599 1456 1641 huc
1477 1600 1665 1642 intrusum

402 1653 478 1694 effe
501 1668 523 1695 e
545 1654 764 1695 Scholiasta.
785 1668 857 1695 nec
874 1654 1014 1708 legitur
1034 1655 1073 1694 in
1094 1654 1246 1704 verbiS,
1268 1666 1370 1708 quae
1383 1653 1668 1709 interpretatio-

401 1708 443 1748 ni
467 1708 569 1749 illius
590 1708 909 1763 praescribuntur.

458 1763 549 1815 Pag.
567 1777 613 1817 23
625 1775 656 1816 ς.
671 1763 696 1802 l.
721 1776 753 1817 5.
776 1761 1054 1813 Ἐπισκευέιζειν
1071 1763 1147 1802 τὰς
1171 1759 1287 1808 ναῦς,
1305 1761 1398 1803 εἴτις
1420 1776 1461 1802 τι
1483 1760 1666 1805 §remorb-

401 1816 486 1870 κει)
511 1817 647 1858 Pollux
664 1815 707 1864 Ι,
734 1831 834 1871 125,
857 1818 935 1857 Τὰς
959 1815 1004 1856 Σὲ
1028 1819 1282 1856 πεπονηκυίας
1302 1814 1369 1856 καὶ
1399 1816 1666 1870 κεκακωμένοις
1722 1862 1724 1866 ,

400 1868 483 1910 ἔστι
503 1869 767 1923 θεραπεῦσαι,
791 1870 1062 1911 ἐπισκευάσαι.
1081 1869 1330 1921 Thucydides
1355 1869 1440 1916 VI,
1469 1882 1568 1919 104,
1592 1871 1665 1912 Καὶ
1716 1896 1718 1898 v

399 1926 474 1964 τὰς
494 1924 608 1974 ναῦς,
625 1924 715 1964 ὅσαι
732 1924 916 1965 ἐπόνησαν
939 1922 1013 1964 ὑπο
1033 1922 1102 1963 τοῦ
1122 1922 1331 1978 χειμῶνος,
1356 1923 1570 1964 ἀνελκύσας
1591 1924 1664 1965 ἑπ-

399 1978 590 2032 εσκεὺαζε.
612 1978 662 2019 Et
686 1977 787 2027 VII,
818 1993 832 2018 1
851 2008 863 2027 ,
882 1977 986 2018 Ἐπεὶ
1010 1977 1273 2018 ἐπεσκεύασαν
1295 1979 1370 2018 τὰς
1392 1975 1492 2018 ναῦς.
1714 1983 1716 1986 ’

398 2035 527 2125 Wead.
551 2034 581 2074 l.
617 2045 678 2073 12.
698 2026 812 2074 “OMW
843 2029 1010 2085 ἧμέραν)
1039 2030 1125 2071 Mis.
1158 2030 1245 2072 ὅλην
1272 2029 1342 2073 τὴν
1375 2027 1524 2085 ἦμέραν.
1551 2031 1661 2075 bene.
1710 2083 1711 2086 Ἴ

397 2125 399 2127 ,
460 2097 545 2127 Ass.

451 2144 525 2181 ead.
549 2141 574 2182 l.
604 2151 663 2194 15.
686 2138 943 2194 Πρωϊαίτερον)
965 2138 1066 2179 Vide
1085 2137 1197 2193 supra
1216 2136 1316 2185 VH,
1349 2150 1407 2192 ¹9·
1430 2137 1476 2178 In
1500 2137 1662 2180 Scholiis

396 2193 498 2236 Cod.
517 2193 617 2235 Caff,
641 2206 723 2235 non
745 2204 932 2234 annotata
954 2192 1008 2234 est
1028 2193 1193 2233 varietas
1215 2191 1436 2246 scripturae.

450 2248 544 2300 Pag.
572 2248 661 2302 236.
690 2248 716 2288 l.
742 2262 779 2296 4.
810 2245 1034 2302 Πυῤῥίχου)
1061 2246 1168 2286 Male
1189 2245 1289 2287 Cod.
1319 2245 1390 2285 Ar,
1417 2244 1590 2300 Πυρίθου,
1616 2256 1661 2287 ut
1703 2275 1708 2298 2

395 2313 448 2342 ex
475 2301 562 2343 Mss.
597 2311 714 2355 patet.
740 2301 806 2343 De
829 2302 906 2343 hoc
933 2300 1196 2355 strategemate
1217 2298 1405 2341 Aristonis
1436 2298 1659 2352 Polyaenus

396 2356 439 2397 V
482 2369 498 2395 1
533 2385 542 2396 .
561 2356 709 2396 WAss.

441 2370 525 2450 'ead3.
547 2409 574 2449 1.
599 2422 638 2460 7.
659 2410 769 2462 Παρὰ.
794 2408 862 2449 τὴν
885 2406 1128 2461 θάλασσαν)
1150 2406 1216 2448 De
1238 2406 1427 2448 varietate
1449 2405 1659 2459 scripturae

394 2473 530 2506 monet
549 2461 784 2507 scholiastes.
803 2462 1023 2518 Polyaenus
1039 2462 1097 2510 V,
1123 2475 1194 2516 13,
1210 2460 1401 2503 ’Eninvce
1424 2459 1491 2504 τὴν
1517 2461 1660 2516 ἀγορὰν
1696 2509 1698 2514 ,
