1754 3120
404 181 502 232 4w
610 167 1479 220 ANNOTATIONES

403 266 489 296 tum
509 256 682 299 nondum
707 258 920 299 continenti
937 259 1124 300 Boeotiae
1147 271 1285 313 aggere
1307 272 1352 300 ac
1372 269 1492 314 ponte
1505 258 1668 301 conium

405 310 467 350 &a
484 322 575 351 erat.
600 312 634 352 Is
654 314 756 352 enim
777 311 892 362 X111‚
913 326 949 366 p.
979 325 1051 374 355
1065 343 1079 360 ‚
1099 313 1234 354 auctor
1252 313 1329 361 est,
1351 315 1389 354 id
1409 314 1563 355 demum
1582 313 1669 368 post

403 363 549 405 cladem
573 365 867 406 Atheniensium
891 367 931 405 in
952 366 1099 415 steina,
1128 368 1170 408 δι
1228 367 1287 407 ost
1313 367 1566 409 defeaionem
1588 368 1668 408 Eu-

404 418 527 459 boeae
545 419 593 459 ab
612 419 909 461 Atheniensibus
928 418 1070 460 factum
1091 419 1178 460 effe.
1218 434 1244 460 n
1261 434 1306 462 ea
1323 420 1525 476 scriptura,
1575 435 1666 462 uam

406 472 522 513 Valla
545 472 696 514 secutus
719 473 791 521 est,
818 474 859 513 &
884 472 983 514 Cod.
1014 473 1084 515 Gr.
1113 475 1252 524 habet,
1271 476 1403 516 omnia
1422 476 1536 530 plana
1571 487 1670 524 unt;

407 539 571 580 eamque
592 529 703 568 etiam
719 527 934 581 Stephanus
951 528 991 567 in
1012 527 1198 568 Thesaur.
1217 542 1257 569 v.
1272 528 1422 582 δρμὶζω,
1439 531 1480 570 &
1499 530 1671 571 Aeacius

409 581 457 620 ad
471 580 508 620 h.
521 580 544 620 1.
559 582 740 635 vulgatae
763 580 1039 636 praetulerunt.
1062 582 1179 623 Ἐντδς
1191 581 1232 622 δι
1255 580 1325 635 ἔξω
1347 581 1462 629 βελῶν
1480 582 1523 624 &
1540 582 1668 635 τοξεύ-

406 648 536 686 ματος
558 636 656 676 adeo
677 634 816 676 ufitata
835 634 922 675 sunt
943 636 983 676 in
1003 634 1254 691 scriptoribus
1277 635 1461 684 Graecis,
1485 647 1530 678 ut
1552 638 1671 678 etiam

407 689 451 728 in
475 689 724 742 proverbium
752 689 927 729 abierint.

462 743 544 783 ibid.
559 739 620 806 ’'E-:v
641 741 764 805 ‘ys-‘tin‘
793 741 890 792 ἄλλῃ
922 740 1189 805 ἐςνοιχωρήσει)
1208 743 1272 784 Ad
1295 743 1486 792 verbum,
1507 743 1544 784 in
1563 756 1670 785 cetero

408 809 561 849 receptu,
586 811 612 838 1.
637 811 671 837 e.
701 811 742 837 1n
760 808 891 838 cetero
914 797 1073 845 irmere,
1099 798 1206 852 quod
1231 797 1477 839 confecerant
1501 796 1576 838 sese
1601 811 1669 839 re·-
1751 786 1754 839 ἶ

407 852 593 945 ξίρὶεηῑες
609 882 621 901 ,
648 852 714 894 vel
735 852 979 900 recedentes,
1008 853 1133 893 donec
1153 851 1202 892 ad
1233 865 1352 894 naves
1377 861 1540 894 ventum
1564 851 1672 893 effer.

436 916 563 946 TEPH·

464 959 558 1014 Pag.
583 972 671 1001 220.
699 961 724 1000 l.
751 974 811 1001 11.
838 960 896 1000 Τέι
916 958 1016 1014 μὲν)
1042 961 1099 999 Τὰ
1120 959 1191 1012 μὲν
1209 958 1261 1002 Ν
1284 958 1355 1002 Gr.
1383 960 1498 1002 reae.
1521 959 1580 1000 Ita
1600 959 1669 1001 ali-

409 1011 453 1053 bi
479 1013 628 1064 noster,
653 1015 695 1056 &
718 1013 1010 1055 Demosthenes.
1024 1016 1176 1054 WAss.
1634 1027 1644 1030 ‘

469 1068 559 1120 Pag.
581 1081 670 1109 221.
685 1070 709 1108 l.
726 1084 762 1109 2.
777 1071 892 1108 Μετὰ
913 1068 979 1109 τὴν
1003 1067 1046 1108 ἐκ,
1066 1066 1135 1110 τῆς
1148 1066 1361 1110 Αιωιωνικῧς
1373 1066 1563 1122 τείχεσιν)
1579 1066 1672 1108 Por:-

409 1130 479 1161 tus
496 1123 633 1164 vertit:
653 1125 730 1178 post
750 1123 846 1163 illam
864 1122 1059 1164 Deceleae
1085 1123 1300 1164 munitionem
1328 1122 1366 1162 in
1395 1137 1478 1176 agro
1497 1122 1671 1162 Laconico

401 1174 546 1228 faHam.
564 1175 637 1217 Sed
659 1177 818 1218 Decelia
840 1177 879 1216 in
897 1189 993 1230 agro
1016 1173 1158 1217 Attico
1175 1187 1278 1224 erat,
1300 1188 1381 1216 non
1400 1176 1438 1216 in
1460 1175 1671 1216 Laconico.
1734 1207 1735 1210 η

411 1230 602 1284 Loquitur
619 1231 872 1283 Thucydides
885 1231 932 1271 de
947 1231 1162 1271 munitione
1174 1260 1187 1277 ‚
1207 1231 1253 1270 de
1295 1243 1347 1270 ua
1359 1242 1445 1284 oep.
1461 1229 1512 1270 26
1525 1239 1672 1283 egerat.

464 1287 538 1324 ead.
553 1286 576 1324 l.
601 1299 634 1338 3.
656 1285 712 1326 Ἐν
727 1284 819 1337 Φειᾷ
835 1283 884 1336 τῇ
907 1283 1076 1338 Ἠλείων)
1096 1285 1199 1324 Vide
1213 1284 1260 1324 ad
1301 1284 1340 1332 1,
1365 1297 1426 1335 25,
1451 1283 1581 1330 Λαβὼν
1597 1296 1670 1323 cur

406 1337 542 1378 invitis
554 1339 737 1379 omnibus
755 1339 858 1379 libris
869 1337 1013 1393 scriptis
1026 1338 1231 1378 retineatur
1241 1369 1253 1387 ,
1265 1338 1370 1378 nulla
1387 1335 1500 1378 causa
1517 1336 1583 1377 est.
1598 1337 1674 1378 Vi·-

409 1392 524 1432 detur
539 1392 726 1433 intrusum
752 1394 801 1434 ab
822 1394 891 1443 iis,
913 1393 982 1457 qui
1003 1393 1211 1447 putabant,
1229 1393 1280 1432 ita
1301 1390 1494 1446 postulare
1509 1389 1674 1445 sequens

408 1442 539 1487 αὐτόν.
561 1446 634 1487 Sed
656 1447 743 1488 satis
761 1447 944 1488 cohaeret
962 1447 1092 1487 oratio
1110 1459 1161 1487 eo
1180 1447 1334 1496 demto,
1352 1446 1430 1487 hoc
1443 1445 1582 1486 modo:
1605 1445 1672 1485 ὃλ-

409 1500 524 1541 κὲιέιι
545 1523 591 1532 -
613 1497 733 1543 αὐτὴν
751 1500 821 1552 μὲν
840 1499 1060 1554 ὃιαφθείρει,
1086 1499 1120 1541 οἱ
1139 1498 1185 1540 δὲ
1211 1499 1354 1554 ἄνδρες.

465 1558 538 1595 ead.
558 1556 585 1595 l.
610 1568 667 1595 10.
688 1555 889 1610 Ἀλυζίαν)
907 1555 1025 1609 Apud
1045 1554 1275 1597 Ciceronem
1294 1553 1455 1608 Alyzia,
1477 1550 1518 1592 in
1539 1565 1673 1593 exem-
1720 1571 1722 1600 ς

409 1609 506 1663 plar.
527 1608 704 1650 Plinianis
724 1611 864 1664 Alyzea
883 1609 1071 1649 scribitur.
1090 1609 1170 1648 ἀπὶ
1195 1608 1344 1659 Ἀλὺζου
1366 1606 1510 1647 werthe
1529 1605 1671 1660 Ἰκάρου

409 1675 578 1710 nomen,
600 1664 725 1717 inquit
750 1665 965 1704 Alcmaeon
982 1693 995 1711 ,
1017 1662 1181 1717 scriptor
1207 1662 1310 1716 apud
1337 1661 1577 1702 Strabonem.
1601 1660 1675 1699 Λύ-

409 1718 494 1769 ζειοι
515 1717 655 1757 alicubi
669 1730 693 1757 a
712 1716 908 1771 Stephano
928 1717 1064 1758 vocari
1076 1726 1254 1757 autumat
1269 1715 1479 1756 Berkelius.
1498 1713 1673 1756 Gentilia

406 1770 584 1820 ,Ἄλυζεὺς
607 1771 649 1811 &
668 1771 871 1824 Ἀλυζωῖος.
885 1773 1032 1812 WAss.

465 1825 558 1880 Pag.
590 1840 680 1867 222.
701 1826 728 1866 l.
759 1840 796 1867 2.
815 1825 886 1867 Καὶ
910 1825 1053 1879 Κόνων)
1082 1823 1157 1866 Gr.
1188 1836 1270 1865 non
1292 1821 1391 1864 male
1410 1821 1478 1863 καὶ
1498 1820 1515 1861 ὃ
1545 1820 1675 1864 Κόνων.
1716 1859 1718 1861 ,

409 1880 556 1923 WAss.

465 1933 557 1988 Pag.
576 1948 664 1988 223.
676 1934 700 1974 l.
714 1932 751 1973 6.
762 1931 1055 1988 Προπυθόμενος)
1068 1930 1129 1972 Cl.
1139 1930 1351 1985 πυθόμενος.
1368 1929 1547 1971 Alterum
1560 1927 1673 1970 ‘nru-

407 1987 611 2041 cydideum
635 1987 701 2029 est.
726 1987 768 2029 su
798 2001 839 2028 ra
859 1988 934 2034 IV,
957 2001 1023 2037 42.
1708 2026 1710 2028 ,

460 2045 535 2083 ead.
555 2044 581 2083 l.
608 2056 645 2094 7.
673 2042 931 2095 Κεντοριποις)
956 2039 1124 2082 Diodor.
1147 2037 1264 2089 ΧΪΧ,
1295 2047 1399 2090 727,
1419 2036 1485 2078 ἐπὶ
1507 2040 1674 2090 Κεντορι-

406 2093 524 2136 πίνων
544 2095 680 2136 πόλιντ
701 2096 793 2136 alibi
818 2095 1085 2149 Κεντοριπίνους
1109 2103 1241 2135 vocat.
1267 2093 1369 2140 XX,
1391 2092 1495 2145 763,
1519 2089 1576 2132 eie
1601 2091 1670 2130 τόν

406 2148 630 2202 Κεντόριπα.
655 2149 797 2202 Polyb.
821 2149 904 2202 περὶ
927 2148 1148 2202 Κεντόριπα.
1169 2147 1271 2188 forte
1291 2145 1393 2200 apud
1419 2143 1587 2197 Diodor.
1613 2145 1694 2183 ‘th‘

406 2203 615 2256 Κεντόριπα
628 2203 915 2258 reponendum:
930 2204 986 2243 ita
1003 2203 1105 2243 enim
1120 2201 1280 2249 Strab03
1295 2199 1536 2240 Ptolemaeus
1550 2197 1593 2238 δι
1612 2210 1674 2239 re·
1702 2236 1703 2239 ,

408 2257 598 2324 centiores
611 2259 863 2311 Κεντοὺριποιι.
881 2257 986 2298 Idem
1001 2267 1135 2318 tamen
1145 2255 1244 2296 Tab.
1259 2254 1423 2294 Urbium
1436 2250 1568 2305 infign.
1586 2256 1672 2292 Κεν·
1702 2263 1704 2266 ·

409 2306 1505 2417 ‘'zrazf‘ffiaffiffgEassrffffzsszazrsflsszzahxffg.
1508 2303 1671 2401 {2222

426 2429 527 2459 etam
549 2419 677 2460 denuo
698 2418 918 2459 instauravit
945 2417 1167 2471 Augustus,
1195 2427 1238 2457 ut
1265 2428 1313 2456 ex
1342 2414 1534 2455 Strabone
1554 2421 1671 2467 patera

409 2472 587 2516 Tandem
610 2487 633 2516 a
652 2473 855 2515 Frederico
871 2471 907 2514 11
920 2472 1021 2515 circa
1033 2484 1178 2513 annum
1195 2468 1336 2511 Christi
1357 2482 1453 2523 1233
1476 2467 1588 2523 plane
1601 2478 1693 2508 «εκ-ν
