1754 3120
395 179 486 228 5η
587 162 1459 216 ANNOTATIONES

388 253 468 302 IV,
494 252 567 309 38,
583 252 661 295 Τῶν
680 254 849 309 πρότερον
867 255 1063 308 ἀρχόντων
1084 254 1152 295 τοῦ
1170 257 1239 309 μὲν
1259 259 1406 311 πρώτου
1429 255 1661 299 τεθνηκὸτοςέ

390 307 471 349 vll
482 337 496 355 ,
517 308 581 356 18,
602 308 784 362 Εἰρημένον
800 309 834 349 ἐν
846 309 936 349 ταῖς
946 307 1116 362 πρότερον
1129 309 1335 361 garamans.
1350 311 1440 351 Vid.
1455 312 1502 351 ad
1515 310 1575 352 VI
1585 343 1598 361 ,
1617 326 1654 362 9.

443 365 519 402 ead.
542 363 567 402 l.
591 377 651 416 ¹3·
671 363 706 400 ’E
744 361 891 416 ίγνετο)
915 362 975 402 Sic
995 362 1109 402 etiam
1123 363 1355 417 Dionysius.
1378 364 1491 405 bene.
1505 367 1656 406 WAss.

446 417 527 456 ibid.
549 415 678 457 Πολλὴ
731 415 746 455 ὲ
769 437 815 446 --
842 414 1056 469 ἀλλήλους)
1080 416 1224 459 Thom.
1257 418 1440 472 Magister
1468 419 1505 458 in
1535 419 1655 472 ἀγών.

390 468 673 523 Ἀντιτέχνηο-ις
691 482 740 509 ex
757 469 939 509 hocloco
955 469 1070 509 habet
1081 470 1221 511 Pollux
1239 471 1338 520 VII,
1352 486 1390 523 7.
1409 473 1656 527 Ἀντιτεχνῶν

390 523 519 573 φθόνος
532 522 702 576 Dionys.
719 522 844 563 Halic.
862 521 918 563 111
941 521 1137 578 Antiquit.
1155 536 1221 577 72.
1239 524 1304 566 De
1319 538 1422 567 voce
1437 527 1656 581 ἀγωνισμὸς

391 577 529 618 Pollux
547 577 629 624 IX,
655 591 720 626 42.
745 578 890 617 WAss.

446 633 537 684 Pag.
565 644 655 685 290.
675 631 699 669 l.
722 645 757 670 2.
779 633 839 669 Τὰ,
859 632 937 669 ἐστὶ
957 627 1024 670 τοῦ
1044 631 1402 684 καταστρώματος)
1423 633 1515 673 Hoc
1531 632 1657 674 Scho-

387 684 512 725 liafles
537 684 580 725 ὃ(
601 684 742 725 Portus
766 684 812 724 de
831 683 919 738 ipfis
938 683 1166 732 ἐπιβάταις,
1186 687 1254 739 qui
1271 686 1310 725 in
1329 685 1507 727 tabulatis
1524 700 1654 737 erant,

388 749 604 793 exponunt.
621 737 835 792 Stephanus
853 739 990 778 vertit:
1008 753 1142 792 operam
1156 741 1310 788 dabant,
1327 752 1367 779 ut
1385 741 1476 780 circa
1489 756 1552 788 ea,
1568 757 1654 795 quae

389 809 408 832 e
429 794 592 832 tabulatis
609 793 752 845 gerenda
775 805 894 840 erant,
914 808 983 833 non
1005 793 1114 832 minor
1130 793 1294 846 industria
1315 793 1350 833 δ’
1365 793 1536 846 sedulitas
1551 796 1657 838 adhi-,

388 849 527 887 beretur.
549 847 655 887 Nihil
674 845 821 893 obstat,
840 859 922 899 quo
940 847 1069 886 minus
1085 845 1136 886 fic
1155 860 1317 901 quoque
1334 849 1457 902 accipi
1477 847 1602 902 poffit.
1661 865 1666 872 ·

443 904 518 941 ead.
542 901 566 940 l.
591 916 629 950 4.
650 899 824 953 Πρῶτος)
849 900 911 940 Sic
931 899 1032 941 refte
1054 899 1224 954 Dionys.
1249 901 1340 942 Hal.
1363 915 1452 943 cum
1478 902 1660 943 omnibus

390 952 470 995 fere
496 954 580 995 Mff.
603 956 752 995 WAss.

445 1011 519 1048 ead.
546 1010 570 1048 l.
596 1022 632 1058 7.
661 1006 705 1047 Αἱ
726 1006 795 1058 μὲν
819 1006 1007 1061 ἔμβολοιὶ)
1028 1007 1203 1054 Ἐκβολοι)
1227 1008 1383 1062 quidem
1407 1008 1549 1050 habent
1577 1010 1660 1064 ple-

391 1062 505 1115 rique
528 1062 616 1102 libri
638 1062 679 1102 &
700 1061 849 1114 scripti,
879 1074 969 1101 cum
999 1060 1159 1102 vetustis
1181 1061 1264 1102 edd.
1289 1063 1330 1102 δι
1352 1062 1562 1117 Dionyfio.
1585 1063 1659 1104 Sed

389 1116 551 1168 ἐμβολαὶ
575 1114 865 1170 praeferendum
886 1113 962 1155 effe
982 1114 1187 1156 ostendunt
1209 1128 1277 1164 ea,
1301 1130 1401 1171 quae
1422 1117 1463 1157 in
1484 1117 1596 1158 fimili
1616 1130 1660 1158 re

390 1170 484 1210 dicit
501 1169 751 1222 Thucydides
772 1169 828 1217 11,
852 1169 905 1219 76
918 1200 931 1217 ‚
953 1168 995 1209 &
1013 1169 1115 1219 VII,
1145 1169 1206 1224 36.

391 1249 395 1252 -
445 1224 536 1279 Pag.
562 1238 650 1278 291.
674 1225 697 1263 l.
725 1238 760 1263 2.
782 1222 1085 1277 Ἔμβεβληκένοιι)
1107 1223 1210 1263 Dan.
1227 1223 1483 1275 ἑμβεβηιιένοιι.
1497 1223 1547 1264 Et
1559 1223 1659 1266 Val-

389 1277 426 1318 la
447 1278 488 1318 &
512 1278 702 1324 Aeacius,
731 1289 771 1317 ut
792 1277 1009 1329 tranfilirent.
1032 1277 1140 1317 Bene
1166 1277 1316 1318 Portus.
1349 1278 1472 1332 Supra
1494 1278 1551 1325 11,
1580 1293 1627 1332 91
1645 1309 1659 1328 ,

386 1330 429 1371 ‘H
451 1332 603 1372 Ἀττικὴ
631 1330 720 1372 νοιῦς
751 1329 800 1381 τῇ
835 1328 1018 1380 ἒιωκούση
1047 1331 1240 1382 Λευκοιέίᾳ
1268 1331 1453 1382 ἐμβάλλει
1474 1334 1585 1383 μέση.
1611 1333 1663 1372 Et

389 1384 536 1440 paffiva
553 1385 681 1426 forma
695 1385 774 1425 VII
786 1414 797 1433 ,
838 1399 882 1434 4,
898 1383 1133 1438 Ἀντίφιρωροι
1147 1385 1446 1437 ἐμβαλλόμεναι,
1458 1386 1523 1426 noe}
1544 1386 1661 1439 ἀναῤ-

371 1449 374 1451 “
393 1440 582 1495 baysio-ou
602 1442 682 1487 ςιέις
705 1453 804 1494 παρέ
833 1438 990 1492 ειρεσίοις
1012 1435 1086 1478 ὑπὸ
1113 1438 1186 1480 τῶν
1207 1437 1384 1493 Κορινθίων
1410 1437 1519 1490 νεὸν,
1541 1442 1663 1490 adver-

379 1496 434 1547 fis
450 1495 564 1548 proris
584 1494 676 1533 ι’ἑῖαε.
1747 1519 1754 1539 =

444 1552 519 1588 ead.
546 1549 570 1588 l.
599 1561 658 1587 11.
679 1548 790 1586 Κοιτὲι
815 1544 884 1586 την
910 1544 1077 1600 τέχνην)
1100 1544 1314 1599 Dionyfius
1335 1545 1461 1588 Halic.
1483 1547 1591 1588 κατά,
1615 1561 1664 1588 τε
1743 1542 1754 1602 l

388 1599 456 1643 τὴν
469 1604 621 1656 τέχνην.
646 1612 685 1642 at
707 1615 749 1640 τε
770 1599 893 1640 statim
915 1599 1252 1653 sequitur.WAss.
1275 1599 1395 1641 Paulo
1415 1610 1504 1641 ante
1521 1601 1664 1642 Came-

387 1656 513 1696 rarius
535 1670 557 1696 e
587 1654 657 1696 suo
683 1654 755 1695 Ms.
780 1654 921 1695 merito
947 1653 1085 1708 probat
1120 1654 1185 1694 κοιὶ
1211 1652 1305 1702 βοὴ,
1329 1666 1421 1709 prae
1439 1668 1521 1704 eo,
1552 1654 1663 1710 quod
1742 1663 1743 1666 ’

388 1710 428 1749 in
450 1710 531 1751 aliis
554 1709 699 1763 scriptis
725 1709 765 1749 &
783 1709 895 1749 editis
920 1708 975 1749 est
997 1708 1063 1747 nal
1084 1706 1190 1748 ἀκοή.

446 1767 521 1804 ead.
540 1764 566 1804 l.
597 1778 655 1817 13.
677 1761 948 1816 Ἐπιβοῶντες)
972 1760 1050 1802 Pro
1070 1760 1257 1807 ἑπιβοῶσι.
1277 1761 1406 1803 Multa
1425 1761 1512 1803 sunt
1534 1761 1663 1804 huius-

389 1818 554 1858 modiin
577 1816 824 1869 Thucydide.
847 1815 926 1863 ΙΠ,
952 1814 1027 1870 36,
1046 1810 1199 1867 ”Esogev
1219 1811 1352 1856 αὗτοῒς
1381 1811 1420 1856 οὗ
1447 1816 1537 1856 τοὺς
1558 1832 1661 1871 παρ-

389 1870 500 1912 ὂντοις
514 1870 621 1923 μόνον
651 1869 874 1912 ἀποκτεῖναι
897 1892 943 1900 -
958 1867 1239 1928 ἑπιιὶοιλοῦντες.
1259 1868 1339 1917 VI,
1361 1884 1436 1920 24,
1457 1865 1566 1924 ’Ἔρως
1590 1870 1664 1911 ἑνὲ·

388 1939 491 1966 vtem
516 1925 594 1966 τοῖς
615 1923 736 1966 πᾶσιν
761 1923 888 1976 ὁμοίως
906 1924 1119 1963 exornaverat
1141 1945 1187 1953 —·
1212 1922 1292 1964 τοῖς
1312 1923 1352 1964 θ’
1375 1924 1412 1964 ἐν
1436 1920 1569 1975 ἧλιιιίᾳ.
1594 1923 1661 1965 'tiit
1718 1927 1722 1931 ’

389 1994 435 2019 τε
457 1979 631 2020 ἀπούσης
649 1977 748 2029 πόθῳ
767 1977 892 2030 ’ὄψεως
912 1977 977 2018 καὶ
999 1977 1156 2030 θεωρίας
1175 1999 1220 2007 -
1239 1976 1307 2017 καὶ
1327 1973 1534 2019 εὖέλπιέες
1557 1977 1663 2019 ’ὀντες

389 2031 636 2074 σωθήσεσθαι.
656 2032 755 2072 Add.
782 2044 884 2085 quae
907 2030 1007 2071 dicta
1026 2028 1182 2070 suntad
1204 2030 1309 2081 V11,
1335 2046 1400 2081 42.

444 2087 538 2140 Pag.
560 2100 649 2140 292.
670 2086 694 2125 l.
719 2085 755 2125 6.
783 2085 853 2127 Τὴν
878 2085 1170 2136 πολεμιωτάτην
1189 2082 1292 2139 γῆν)
1315 2084 1380 2126 Γιῗν
1404 2083 1509 2125 abest
1529 2097 1663 2125 exem·
1735 2111 1737 2115 -

389 2140 558 2194 plaribus
589 2138 776 2192 Dionysii
801 2139 996 2179 Halicarn.
1026 2136 1088 2178 sed
1111 2139 1313 2179 immerito.
1337 2138 1537 2180 Praeterea
1569 2138 1662 2179 Du-

388 2194 495 2234 dithii
515 2194 609 2234 liber
638 2195 679 2233 in
699 2192 874 2246 Dionys.
898 2193 938 2233 δι
961 2191 1184 2233 Scholiastes
1204 2193 1267 2233 hic
1295 2189 1335 2232 οὗ
1363 2191 1415 2234 δι’
1437 2193 1566 2247 ὀλίγου
1587 2194 1659 2234 vrb-
1715 2204 1717 2208 ·

388 2263 459 2290 vov.
487 2247 562 2288 Sed
585 2247 678 2287 nihil
701 2247 942 2287 mutandum.
957 2248 1106 2287 WAss.
1732 2253 1734 2258 “

441 2305 515 2342 ead.
530 2302 554 2342 l.
576 2300 613 2342 8.
635 2296 709 2342 Οὒς
730 2299 859 2351 σοιφῶς
882 2301 989 2340 ἴσοισι
1009 2298 1318 2352 προθυμουμένους
1335 2298 1543 2340 Ἀθηναίους
1562 2313 1663 2341 ποιν-

387 2355 429 2396 ‘tl
451 2354 575 2408 τρόπῳ
598 2354 831 2408 διαφυγεῖν)
856 2354 899 2394 In
925 2354 986 2393 his
1008 2351 1209 2394 Ἀθηναίους
1234 2351 1448 2407 suspectum
1471 2352 1546 2394 effe
1575 2364 1663 2408 pot·
1726 2367 1728 2369 ’

388 2408 462 2458 est,
484 2420 529 2449 ut
549 2409 598 2449 ab
617 2409 936 2462 interpretatione
960 2407 1000 2447 in
1019 2407 1192 2460 margine
1210 2405 1349 2460 scripta
1373 2406 1607 2460 profestum.

439 2464 514 2503 ead.
529 2464 554 2503 l.
577 2477 590 2503 1
603 2476 636 2504 1.
654 2461 860 2516 Ἰσοῤῥόνιου
879 2461 948 2504 τῆς
969 2461 1200 2515 ναυμαχίας
1216 2458 1514 2512 καθεστηκυίας)
1531 2461 1662 2508 Haec;
