1754 3120
387 187 484 234 400
585 171 1453 222 ANNOTATIONES

385 263 526 304 Πάντα
543 262 720 317 legerunt
737 264 851 305 etiam
870 264 1007 311 Valla,
1032 266 1075 306 &
1095 264 1262 307 Aeacius
1269 280 1282 316 3
1301 279 1471 320 quorum
1492 266 1578 314 ille,
1589 267 1650 320 fic-

379 317 591 371 spiciom‘hus
611 320 724 359 omnia
747 319 926 365 rimantes,
950 318 1014 358 hic
1027 349 1041 365 ,
1066 320 1242 359 inclinatis
1261 324 1310 360 ad
1330 337 1456 361 omnem
1477 321 1650 375 fitspicio-

385 388 459 412 nem
472 373 614 422 animis,
626 375 755 413 vertit.
771 373 856 412 Nec
869 372 1046 426 displicet.
1061 372 1280 427 Stephanus
1291 374 1446 414 πάντας
1459 376 1652 429 praetulit.

440 426 531 465 Pac.
554 425 620 479 85.
644 427 669 464 l.
694 441 728 478 3.
749 424 925 479 Γηραιοῦ)
947 427 1097 478 superbe
1120 440 1142 467 e
1158 426 1398 480 Thucydide
1417 428 1544 469 laudat
1563 428 1651 470 Pol-

382 478 453 520 lux
470 458 529 526 11⁰,
555 493 615 533 13.
637 480 812 520 Utuntur
834 492 884 519 eo
902 480 1019 519 etiam
1035 479 1176 534 plures.

448 534 528 572 ibid.
553 530 645 586 Οὐχ
672 529 898 586 Ἵππαρχος
925 533 1032 586 &c.)
1059 533 1124 574 De
1146 534 1291 588 Hippia
1322 534 1365 574 δε
1393 536 1647 589 Hipparcho,

382 597 472 628 uter
495 587 637 627 horum
662 599 755 628 natu
782 589 907 627 maior
931 618 944 636 ,
980 600 1167 641 magnum
1193 588 1281 627 lane
1317 588 1414 628 inter
1452 591 1646 631 maximos

381 640 562 681 au&ores
579 641 632 681 est
650 640 846 681 diffidium.
870 641 1054 695 Hippiam
1078 642 1233 695 quidem
1254 641 1510 694 Thucydides
1530 641 1646 693 dicit,

382 708 428 735 ac
453 694 626 735 constare
645 696 682 735 id
705 695 775 734 fibi
803 695 948 749 liquido
971 696 1154 744 affirmat;
1178 706 1294 748 atque
1317 708 1366 735 ex
1390 696 1647 749 Thucydide,
1702 729 1709 741 r

380 759 427 788 ut
450 750 627 795 videtur,
654 748 879 790 Scholiastes
909 749 1064 790 Comici
1087 751 1127 789 in
1152 750 1312 804 Vespis‚
1336 749 1556 802 Polyaenus
1579 752 1645 791 lib.

382 816 402 855 5
415 833 427 851 ,
443 803 484 843 &
499 803 678 843 Libanius
698 804 736 842 in
754 802 929 844 Declam.
946 814 1073 843 XXIX.
1087 803 1237 844 Contra
1258 803 1367 843 Plato
1380 804 1643 858 Hipparchum

379 856 511 897 statuit
528 858 566 896 in
590 857 763 911 Dialogo
785 857 866 897 eius
886 858 1074 904 nominis,
1095 857 1138 897 δι
1165 857 1269 897 hunc
1287 855 1440 897 secutus
1458 858 1645 900 Aelianus

377 910 475 950 Var.
500 910 595 951 Hist.
617 911 642 950 l.
665 911 688 949 8
702 941 713 958 ‚
736 925 770 951 c.
797 926 832 951 2.
854 911 1023 952 Platonis
1040 910 1248 951 sententiae
1264 921 1308 951 ut
1328 912 1503 952 accedam
1518 942 1528 960 ‚
1550 912 1644 966 (in-

379 966 466 1017 quit
485 964 678 1006 Meurfius
728 965 819 1005 facit
841 965 1061 1006 Heraclides
1080 965 1279 1012 Ponticus,
1301 965 1370 1019 qui
1390 965 1430 1004 in
1451 964 1643 1019 fragmen-

377 1021 426 1059 tis
453 1021 581 1072 operis
599 1020 645 1059 de
708 1019 905 1073 ebuspubl.
923 1020 962 1059 in
983 1019 1164 1073 catalogo
1186 1029 1448 1071 tyrannorum
1473 1019 1559 1073 post
1581 1020 1644 1060 Pi-

377 1072 565 1113 sistratum
588 1083 785 1127 parentem
797 1074 936 1134 ‘primo
953 1073 1044 1114 loco
1069 1074 1334 1127 Hipparchum
1351 1073 1462 1127 ponit
1474 1103 1489 1120 ,
1509 1072 1644 1114 secun·

377 1128 432 1167 do
455 1126 699 1175 Thessalum,
720 1138 914 1180 tertioque
943 1127 1096 1168 demum
1124 1128 1336 1180 Hippiam,
1361 1127 1426 1167 cui
1451 1126 1645 1169 consentit
1710 1134 1722 1143 ’“

378 1181 594 1230 Clidemus,
616 1182 697 1221 anti
726 1179 895 1222 uiffimus
912 1194 1041 1222 rerum
1062 1181 1278 1221 Atticarum
1296 1179 1484 1234 scriptor,
1504 1182 1644 1223 citatus

377 1235 427 1275 ab
450 1235 655 1275 Athenaeo
682 1236 707 1275 li
737 1265 746 1275 .
770 1246 866 1275 X111.
887 1235 1026 1275 Huns.
1044 1233 1292 1275 Disertiffime
1311 1235 1510 1282 omnium,
1566 1249 1642 1276 uo-

375 1303 462 1329 rum
478 1289 686 1330 austoritas
707 1291 745 1330 in
759 1290 830 1330 hac
847 1301 889 1329 re
914 1289 1043 1333 valere
1065 1289 1201 1336 debet,
1229 1299 1364 1329 contra
1391 1301 1510 1342 quam
1571 1289 1644 1330 hu·

376 1342 707 1400 cydides‚mscribit
737 1343 863 1383 Plato:
893 1342 932 1383 ὃς
966 1338 1236 1397 (Ἵππαρχος)
1259 1341 1333 1382 τῶν
1359 1344 1640 1396 Πεισιστράτου

376 1397 528 1437 accisam
554 1399 591 1439 ἦν
615 1397 879 1451 πρεσβύτατος
909 1397 973 1437 καὶ
1001 1397 1229 1445 σοφώτατος.
1262 1397 1293 1436 Ε
1320 1395 1486 1436 Clidemi
1506 1397 1641 1438 verbis
1714 1411 1719 1438 1,
1750 1442 1754 1448 ¹

375 1452 480 1505 apud
500 1451 746 1495 Athenaeum
769 1450 861 1491 XIII
890 1450 960 1490 ult.
992 1449 1174 1504 Ἐξέὲωκε
1199 1449 1246 1490 s}
1270 1446 1534 1504 (Pisistratus)
1562 1450 1639 1492 Ἱπ-
1718 1479 1723 1491 -.
1752 1451 1754 1453 ’

373 1506 520 1560 ητέιρχῳ
541 1505 597 1555 τῷ
618 1505 695 1545 υἱεῖ
712 1505 827 1554 Φύην,
854 1503 908 1555 τῷ
933 1506 1040 1556 μετὰ
1063 1500 1176 1545 αὐτὴν
1200 1502 1506 1558 τυραννεύσαντι,
1523 1503 1566 1544 &
1586 1517 1639 1546 ex

374 1559 598 1600 Heraclidae
626 1559 755 1600 libello
781 1560 828 1599 de
854 1558 1094 1612 Rebuspubl.
1119 1558 1195 1599 hoc
1222 1571 1303 1599 non
1327 1570 1401 1619 ρῳ
1431 1556 1640 1600 certiffimo
1716 1545 1741 1601 j

373 1613 517 1654 confici
543 1613 678 1668 potest.
701 1614 801 1653 Nam
825 1626 953 1666 neque
975 1614 1147 1666 semper,
1178 1612 1246 1666 qui
1275 1622 1376 1666 patri
1406 1612 1448 1651 in
1474 1611 1637 1666 imperio

371 1667 562 1715 succedit,
588 1667 642 1707 est
669 1678 764 1708 natu
791 1667 979 1707 maximus
1006 1666 1190 1706 fratrum:
1213 1679 1340 1719 neque
1369 1663 1572 1719 scriptores
1593 1667 1636 1707 in
1711 1683 1719 1706 .·
1738 1666 1754 1718 J

371 1721 640 1762 enumerandis
661 1721 835 1776 pluribus
862 1719 1043 1761 fratribus
1067 1720 1213 1774 ubique
1234 1720 1408 1760 ordinem
1431 1720 1570 1760 aetatis
1591 1721 1636 1762 δι
1710 1727 1714 1730 ’
1752 1731 1754 1733 ’

371 1775 547 1816 nascendi
567 1774 801 1828 sequuntur3
825 1775 932 1829 quod
951 1774 1158 1828 exemplis,
1178 1773 1208 1813 s1
1230 1786 1332 1828 opus
1348 1772 1466 1820 effet,
1489 1772 1636 1815 ostendi
1715 1807 1719 1811 ,.
1737 1788 1743 1798 ³

400 1829 506 1870 offet.
527 1830 724 1871 Clidemus
746 1840 875 1869 autem
901 1827 984 1878 ille,
1006 1828 1035 1868 fi
1048 1859 1062 1876 ,
1079 1828 1186 1882 quod
1213 1836 1350 1881 putant
1373 1826 1568 1868 Meurfius
1593 1827 1636 1868 in

370 1844 561 1925 Pifistrato
584 1896 667 1937 cap.
690 1883 776 1930 XI,
795 1883 836 1922 δι
852 1881 1010 1923 Voffius
1035 1882 1116 1922 Lib.
1144 1881 1197 1921 III
1222 1881 1269 1922 de
1287 1879 1468 1922 Historic.
1490 1880 1633 1923 Graec.
1713 1902 1723 1930 ;‚

370 1938 472 1977 idem
493 1938 548 1978 est
560 1968 573 1985 ,
593 1939 661 1991 qui
683 1937 723 1977 in
743 1936 924 1977 Pausania
945 1937 982 1976 X
995 1966 1010 1984 ,
1034 1949 1049 1975 1
1062 1949 1078 1990 ς
1090 1965 1104 1982 ,
1119 1935 1397 1993 antiquiffimus
1415 1947 1543 1975 rerum
1560 1935 1635 1975 At·

370 1994 535 2032 ticarum
556 1991 714 2046 scriptor
733 1990 996 2039 Clitodemus;
1014 2000 1144 2030 tamen
1165 1989 1400 2041 Thucydide
1417 2001 1500 2028 non
1517 1997 1635 2029 vetu-
1712 2031 1714 2035 ³
1743 2007 1745 2029 ;

370 2045 464 2086 fiior
489 2045 586 2093 fuit,
612 2056 656 2086 ut
683 2045 829 2085 constat
852 2058 901 2085 ex
926 2045 1064 2084 eodem
1097 2043 1191 2084 loco
1212 2042 1425 2084 Pausaniae.
1447 2042 1480 2082 E
1502 2054 1635 2083 recen-

368 2100 536 2140 rioribus
559 2100 621 2139 alii
642 2099 937 2151 Thucydidem,
962 2111 1079 2151 quem
1098 2097 1297 2137 audiorem
1325 2096 1634 2137 nominatScho-
1698 2110 1711 2157 ᾗ
1736 2121 1737 2125 =

368 2153 491 2194 liasses
514 2153 644 2194 Aristo
672 2154 708 2193 h.
731 2152 849 2207 Vesp.
868 2167 909 2193 v.
932 2165 1031 2206 500,
1051 2153 1095 2192 δι
1114 2149 1269 2204 Lyfistr.
1291 2151 1395 2244 613,
1414 2149 1477 2211 alii
1500 2148 1634 2211 Plato-

369 2220 460 2247 nem
487 2207 606 2248 secuti
649 2219 730 2247 unt.
758 2206 964 2247 Probabile
983 2205 1060 2253 est,
1079 2205 1187 2259 quod
1207 2215 1319 2266 putat
1373 2215 1562 2244 enzomus
1582 2204 1630 2244 ad

369 2262 603 2308 Aelianum,
636 2260 894 2300 diversitatem
925 2261 1022 2300 hanc
1058 2258 1328 2299 sententiarum
1361 2256 1405 2297 δι
1431 2255 1634 2298 confusio·
1692 2247 1740 2299 ,³

370 2328 460 2356 nem
481 2328 530 2355 ex
556 2327 606 2355 eo
639 2326 791 2360 ortam,
819 2314 924 2367 quod
950 2312 1126 2353 Pifistrati
1150 2312 1217 2352 filii
1241 2311 1501 2352 communiter
1526 2309 1630 2351 sum·
1692 2323 1694 2326 ·
1732 2325 1737 2330 ·

369 2382 474 2408 mam
493 2367 716 2422 potestatem
736 2368 901 2408 Athenis
923 2367 1184 2408 obtinuerunt,
1212 2365 1315 2406 Nam
1344 2363 1541 2405 consortes
1564 2375 1635 2417 ιγ.
1686 2399 1687 2402 ,
1707 2394 1712 2398 .

368 2423 534 2463 rannidis
554 2421 678 2469 fuiffe,
693 2435 773 2462 non
790 2421 912 2462 solum
934 2434 982 2461 ex
1006 2422 1074 2468 iis,
1100 2432 1201 2473 quae
1221 2419 1340 2473 paulo
1361 2417 1449 2512 post
1466 2417 1641 2472 disputat
1719 2444 1723 2451 -

369 2476 586 2528 Meurfius,
607 2489 745 2519 verum
774 2476 890 2518 etiam
908 2488 956 2516 ex
978 2474 1060 2516 aliis
1084 2472 1336 2528 scriptoribus
1376 2473 1388 2512 i

1389 2482 1493 2527 quet.
1508 2472 1632 2514 Hera·
