1754 3120
380 183 470 235 504
575 167 1443 218 ANNOTATIONES

375 256 432 295 hil
468 256 619 310 agendo
650 256 942 299 consumerent?
962 258 1105 299 Noster
1124 260 1230 308 VII,
1256 275 1295 309 7,
1321 257 1359 300 οἳ
1387 275 1433 300 τε
1454 258 1644 312 Συρακού-

377 325 450 351 σιοι
474 314 641 351 ναυτικὴν
662 308 859 365 ἐπλήρουν,
886 313 952 350 καὶ
972 313 1226 367 ἂνεπειρῶντο.
1247 313 1419 354 Firmant
1445 313 1573 355 Schol.
1599 314 1643 354 &

377 364 449 405 Gr.
483 376 593 404 antea
629 364 835 418 subfrigide
861 365 1103 406 ἀνεπαύοντο.
1124 369 1271 407 WAss.
1303 369 1391 422 Qui
1412 368 1510 409 Cod.
1541 366 1643 409 Cass'.

377 417 522 460 scholia
544 417 756 472 adscripfit‚
775 418 1000 459 varietatem
1021 418 1090 460 scri
1119 430 1227 462 turae
1249 434 1331 461 non
1353 423 1565 462 annotavit.

433 475 508 511 ead.
533 473 557 510 l.
582 485 640 511 ιο.
662 471 715 522 Τῇ
726 471 797 524 μὲν
822 473 1042 528 προτεραίᾳ)
1063 474 1090 513 Ρ
1105 475 1238 528 erique
1262 474 1346 514 Mss'.
1368 477 1535 529 προτέρῳ.
1556 475 1646 515 Per-

379 536 581 566 mutantur
610 526 704 566 haec
726 527 840 566 etiam
865 527 930 575 V,
953 539 1001 578 75
1017 557 1028 575 ,
1054 528 1120 567 ubi
1151 528 1338 582 quaedam
1370 529 1459 569 dixi.
1482 530 1560 569 Hic
1587 539 1648 569 ta-

380 593 470 620 men
487 592 567 619 non
581 590 724 619 temere
740 593 763 619 a
778 589 934 634 recepta
949 579 1133 635 scriptura
1150 582 1400 623 recedendum
1415 594 1559 637 putem.
1573 583 1650 622 Lu-

380 635 516 674 cianus
533 633 552 672 I
572 634 667 673 Ver.
692 632 837 675 Histor.
866 647 904 687 p.
928 634 1006 687 652
1021 665 1033 684 ,
1051 637 1250 690 γενομένης
1270 635 1332 676 8¹1⁵·
1351 636 1570 686 ἐκκλησίας,
1594 635 1646 687 ‘rip‘

381 687 586 740 προτεραίᾳ
608 686 677 738 μὲν
706 683 810 728 οὐθὲν
836 687 1056 741 παρέλυσαν
1081 688 1148 731 τῆς
1171 689 1290 744 ὂργῖῖς·
1316 689 1366 740 τῖ
1393 686 1484 730 ὗστε
1532 690 1571 740 ίᾳ.
1598 689 1648 729 8}

382 742 646 795 μετέγνωσαν.
668 740 793 794 Quod
813 741 969 782 videtur
987 754 1010 782 e
1031 742 1268 796 Thucydidis
1290 742 1370 791 111,
1392 743 1441 796 36
1482 755 1650 785 umtum.

384 795 483 836 Add.
509 796 607 843 huc,
626 808 726 849 quae
748 805 984 836 annotantur
1005 797 1051 836 ad
1076 810 1158 851 cap.
1179 811 1221 837 11
1249 797 1366 837 huius
1381 797 1477 837 libri.

439 848 532 903 Pag.
553 848 641 889 260.
664 851 688 888 l.
722 864 756 904 3.
784 848 1060 904 Ἀπολλύουο-ι)
1083 850 1155 892 Gr.
1177 851 1428 898 ἀπολλύασι,
1448 850 1498 890 ab
1525 850 1652 891 ἀπόλ-

384 914 478 954 λυμι
493 932 506 952 ,
525 915 625 956 quae
646 904 865 944 terminatio
880 904 918 943 in
940 902 1087 952 verbis,
1108 917 1207 957 quae
1230 906 1269 945 in
1284 919 1332 955 μι
1356 905 1489 945 dicunt
1510 905 1652 946 Gram-

386 956 540 1003 matici,
552 957 700 1005 ‚Atticis
713 969 793 998 non
812 957 990 998 inusitata
1010 958 1076 998 est.
1098 959 1274 1000 Thomas
1295 959 1399 1013 Mag.
1415 959 1454 998 in
1470 959 1654 1013 ζευγνύει-

390 1020 444 1052 ό-ι.
467 1010 566 1051 Add.
590 1010 710 1058 VIII,
735 1026 796 1052 10.

445 1068 521 1106 ead.
541 1066 564 1105 l.
590 1077 650 1116 15.
674 1065 747 1106 Καὶ
768 1065 895 1119 μυχῷ
918 1063 987 1105 τοῦ
1007 1065 1179 1120 λιμένος)
1200 1065 1349 1106 Suidas:
1373 1065 1525 1119 Μύχος,
1542 1066 1561 1106 ἶν’
1577 1080 1653 1118 μυ-

388 1120 490 1174 χδς,
509 1118 525 1158 ὃ
546 1118 753 1160 ἑνέὅτατος
768 1119 899 1159 τόπος.
923 1119 1172 1172 Thucydides
1191 1118 1290 1168 VII,
1311 1135 1357 1170 4,
1379 1119 1421 1160 ἐκ
1431 1118 1567 1174 μυχοῦ
1584 1117 1655 1160 τοῦ

389 1173 548 1224 λιμένος.
568 1173 709 1214 Pollux
732 1173 772 1221 1,
801 1187 874 1213 102.
887 1173 1020 1223 ,Ἔστι
1037 1173 1086 1213 (Ρὲ
1101 1188 1164 1214 τις
1183 1173 1248 1214 καὶ
1270 1172 1377 1228 χηλοὶ
1397 1175 1565 1224 λιμένος,
1587 1175 1654 1214 καὶ

391 1227 523 1277 στόμα
535 1257 547 1276 ,
570 1227 635 1267 καὶ
652 1228 802 1280 μυχός.
819 1227 868 1267 Et
887 1227 1019 1269 rursus
1039 1227 1118 1277 IX,
1135 1227 1184 1268 28
1195 1258 1207 1277 ‚
1227 1229 1372 1279 λιμένος
1386 1227 1530 1282 μυχός.
1545 1228 1656 1268 Haec

390 1282 525 1322 omnia
549 1280 636 1321 sunt
657 1281 924 1333 Thucydidea.

447 1335 540 1389 Pag.
564 1337 654 1376 26¹.
672 1337 696 1375 l.
727 1349 758 1374 1.
782 1334 1034 1397 Aaaeooet‘povca
1084 1335 1130 1375 In
1153 1334 1333 1377 Dascone
1354 1335 1438 1376 sinu
1460 1334 1657 1376 confossus

391 1389 660 1441 Eurymedon.
682 1389 885 1430 Diodorus
904 1389 974 1430 Sic.
1056 1389 1112 1436 11,
1132 1401 1219 1443 pag.
1245 1403 1320 1445 337
1337 1390 1374 1430 d.
1395 1390 1437 1430 δι
1454 1390 1568 1430 ΧΧΧ
1587 1402 1657 1429 na-

392 1456 463 1483 ves
481 1444 747 1484 incenduntur.
767 1442 936 1484 Iustinus
956 1444 1031 1493 IV,
1059 1457 1091 1497 5.
1112 1446 1257 1484 WAss.

450 1497 541 1549 Pag.
558 1499 648 1538 262.
668 1497 694 1537 l.
717 1512 754 1548 4.
772 1495 967 1539 Ὀοτλίτοις
988 1511 1035 1537 τε
1057 1497 1224 1538 πολλοὺς
1241 1496 1486 1550 ἀπέκτειναν)
1505 1495 1656 1536 1..εᾶἱο-

393 1564 482 1591 nem
501 1550 626 1599 Codd.
644 1550 730 1592 Mff.
754 1547 793 1592 οὗ
822 1549 989 1592 πολλοὺς
1006 1550 1208 1592 confirmat
1227 1551 1319 1592 illud
1339 1550 1508 1595 Diodori
1530 1549 1655 1598 xm,

392 1619 431 1660 p.
459 1605 534 1660 338
555 1605 592 1646 b.
615 1606 809 1647 ἀπώλοντο
834 1604 880 1645 ἒὲ
899 1604 971 1646 τῶν
987 1605 1054 1656 μὲν
1076 1605 1331 1658 Συρακουσίων
1347 1603 1479 1659 ὀλίγοι.
1492 1603 1618 1644 IDEM.

449 1662 524 1699 ead.
549 1661 571 1698 I.
592 1674 629 1715 9.
655 1658 924 1714 Κληματίέων)
945 1658 1185 1712 Hesychius:
1206 1658 1450 1710 Κληματίέες
1465 1656 1505 1698 αἱ
1524 1658 1565 1698 ἐκ
1581 1656 1656 1698 ’νεῖν

395 1713 604 1765 κλημάτων
626 1713 784 1765 θέο-μαι.
800 1713 938 1754 Pollux
955 1713 1056 1760 Vll,
1079 1727 1126 1753 ιο
1165 1726 1174 1753 :
1200 1713 1271 1752 Καὶ
1288 1711 1362 1753 τοῖν
1381 1712 1451 1765 μὲν
1467 1711 1658 1763 καυσίμων

395 1767 657 1818 κληματίῶες,
679 1768 747 1807 καὶ
775 1782 816 1807 κο
833 1767 909 1818 μοι’.
930 1767 998 1808 ubi
1018 1767 1096 1808 vid.
1141 1778 1459 1821 ungermannum.

450 1823 525 1862 ead.
545 1822 569 1861 l.
598 1836 654 1862 12.
678 1823 888 1874 Σβεο-τηρια
906 1820 1138 1915 matium?
1154 1819 1294 1861 Pollux
1312 1820 1355 1874 Ι,
1381 1819 1475 1866 168,
1497 1819 1659 1864 σβεστη-

393 1875 479 1930 ρίοις
489 1874 714 1969 ίιιιωλύμαοπν
729 1875 904 1932 ἐχρῶντο.
918 1875 1085 1916 Videtur
1115 1873 1263 1916 umfiffe
1285 1887 1333 1915 ex
1349 1874 1426 1915 hoc
1440 1873 1534 1915 loco
1546 1873 1658 1914 Thu·

393 1942 416 1970 c
450 1930 486 1968 di
514 1930 557 1970 is.

418 1944 544 2038 yPag.
567 1985 656 2038 263.
678 1984 702 2024 Ι.
736 1998 770 2038 3.
799 1982 963 2038 Τροπιῖς)
986 1981 1238 2023 Athenienses
1265 1980 1430 2022 militum
1459 1979 1562 2021 haud
1585 1981 1659 2021 mi·

396 2050 471 2077 nus
487 2038 568 2078 duo
588 2037 706 2078 millia
729 2037 946 2079 amiserunt.
967 2036 1133 2078 Diodor.
1159 2035 1233 2090 338
1256 2036 1293 2076 b.
1310 2034 1449 2075 WAss.

450 2095 525 2131 ead.
547 2092 572 2132 l.
595 2104 631 2145 9.
655 2092 710 2132 Ἐν
733 2093 852 2132 παντὶ
875 2090 924 2132 «Νι
949 2091 1110 2143 ἀθυμίας
1135 2084 1258 2139 ἦσαν)
1283 2087 1460 2129 Imitatus
1481 2087 1536 2129 est
1555 2086 1658 2128 Dio-

397 2144 533 2197 nyfius
553 2146 750 2187 Halicarn.
768 2146 850 2195 VI,
873 2146 950 2195 76,
970 2144 1034 2185 ‘sse
1058 2144 1094 2185 ἒν
1123 2144 1242 2185 παντὶ
1261 2143 1315 2184 sa’
1343 2141 1504 2193 ἀθυμίας
1530 2141 1658 2194 ἐγένε-

400 2203 484 2246 σθε,
502 2199 568 2240 ubi
581 2200 616 2240 ἐν
631 2199 748 2240 παντὶ
763 2199 942 2251 ἀθυμίας,
954 2197 1101 2239 sublata
1114 2196 1408 2253 praepositione,
1426 2195 1558 2248 legunt
1571 2195 1656 2235 Ste-

399 2253 548 2307 phanus
571 2254 611 2294 δι
633 2253 910 2302 Casaubonus;
930 2254 997 2305 qui
1014 2253 1055 2293 &
1077 2251 1206 2292 similia
1229 2264 1278 2292 ex
1294 2250 1378 2290 aliis
1398 2258 1571 2291 annotat.
1591 2244 1658 2290 En}-

401 2306 470 2347 δὺς
493 2307 528 2347 ἐν
549 2306 689 2359 ἀθυμίᾳ.
714 2301 809 2348 ἦσαν
835 2307 922 2348 dicit
942 2306 1196 2359 Thucydides
1215 2304 1299 2351 VI,
1326 2304 1390 2354 46.

454 2365 529 2402 ead.
554 2362 577 2401 l.
608 2375 622 2401 x
659 2392 667 2401 .
692 2362 761 2401 Καὶ
785 2359 895 2408 ναῦς,
922 2361 988 2400 καὶ
1007 2358 1174 2408 imaue,
1198 2358 1264 2399 καὶ
1281 2356 1422 2413 μεγέθη
1442 2356 1657 2411 ἐχούσαις)

402 2413 576 2467 Quidam
644 2414 683 2455 ff.
704 2417 811 2456 ναυσὶ
835 2415 898 2454 καὶ
916 2412 1074 2463 ἵπποις,
1098 2413 1163 2454 καὶ
1177 2411 1343 2467 μεγέθει.
1367 2412 1476 2452 Haec
1499 2410 1658 2465 scriptu-

399 2482 444 2509 ra
465 2482 546 2512 non
566 2470 719 2514 videtur
734 2468 841 2526 posse
858 2467 976 2520 stare,
992 2467 1061 2510 nist
1078 2466 1191 2510 fimul
1210 2479 1284 2523 pro
1301 2465 1484 2521 ἐχούσαις
1507 2465 1656 2521 legatur
