1754 3120
347 196 450 242 ΙΝ
516 194 927 241 LIBRUM
992 195 1124 242 VII.
1275 214 1365 262 523

105 281 278 333 malunt3
297 283 463 337 ideoque
486 282 579 323 nihil
614 282 678 324 hic
702 283 982 324 immutandum
1005 283 1200 324 duximus.
1224 286 1379 326 WAss.

106 337 217 378 Haec
235 338 410 400 nondum
430 338 622 391 legeram,
640 350 734 378 cum
756 337 968 379 scribebam
990 350 1064 386 ea,
1089 351 1190 392 quae
1217 339 1267 378 ad
1294 339 1376 390 v1,

108 403 405 508 Ἔῖαἷζῗέιί.
425 468 464 505 7.
486 453 685 509 Ἐκάθισε)
705 452 818 508 Quin
874 466 898 494 e
917 452 1006 494 Mfl:
1024 453 1190 495 καθεῖσε.
1209 453 1268 494 Ita
1285 456 1376 496 Ho-

0 475 30 504 ''
108 519 242 548 mems
262 507 366 549 mad.
385 508 429 555 ε’,
450 521 488 548 v.
514 510 587 562 36,
610 508 653 548 ει
675 508 779 549 mad.
842 522 918 555 ‚v.
944 508 1216 558 2041llaivid⁴
1239 509 1376 548 Eusta-

108 559 233 601 thium
258 575 344 616 pag.
365 562 457 615 978.
484 575 556 616 pro
579 562 754 611 ἐκάθισε,
774 561 972 615 καθι’δ“ρυσε
985 593 998 611 ,
1015 562 1205 602 collocavit.
1231 561 1372 604 Prosae

105 611 313 668 scriptores
327 629 377 656 an
389 629 440 656 eo
453 626 629 663 utantur,
649 616 743 655 mihi
756 616 928 656 nondum
942 627 1185 670 compertum
1198 615 1264 656 est.
1284 617 1375 658 Nec

107 678 240 717 tamen
261 669 375 710 valde
391 670 589 724 probabile
608 670 782 718 videtur,
801 683 826 710 e
844 671 972 724 capite
994 670 1261 724 imperitorum
1282 669 1376 711 scri-

107 721 247 763 barum
268 736 402 764 natum
428 723 527 771 effe3
554 724 597 764 δι
622 722 786 764 fortaffis
811 724 1076 778 interpretatio
1097 723 1375 779 Magistrorum

106 773 239 816 locum
259 790 377 818 verae
391 776 600 832 scripturae
618 777 849 832 occupavit,
870 788 917 818 ut
940 777 1051 832 saepe
1073 778 1174 818 alibi.

162 838 257 891 Pag.
280 854 372 901 3¹7·
392 840 417 879 I.
440 854 476 879 2.
498 839 671 893 Μέχρις)
698 839 877 880 Thomas
894 839 1076 894 Magister
1094 840 1219 895 μέχρι
1244 840 1309 882 hic
1332 839 1377 882 8(

104 890 196 932 alibi
214 893 309 947 leg1t
329 893 508 949 sequente
527 892 668 934 vocali.
685 895 831 934 WAss.
849 894 939 934 Vid.
966 894 1014 933 ad
1037 893 1113 941 lv,
1138 907 1172 947 3.
1366 908 1370 913 ¹

167 955 260 1008 pag.
277 955 374 1022 318.
398 957 423 996 l.
450 970 487 1008 9.
509 954 696 1002 Διαβιῗναι
718 956 886 1010 πρῶτος)
913 957 1036 997 Etiam
1057 957 1128 999 Gr.
1147 958 1191 999 δι
1208 957 1271 999 cl.
1288 957 1381 999 stat-

107 1006 214 1054 βὶἶνοιι
240 1013 358 1050 αυτὸς
382 1009 540 1064 πρῶτος.
562 1023 634 1052 nec
660 1010 770 1051 male.
793 1013 940 1052 WASS.
1339 1059 1369 1069 ,¹

163 1076 236 1113 ead.
259 1074 284 1114 l.
308 1087 367 1128 13.
391 1073 435 1114 Οἱ
446 1073 498 1114 ’Σὲ
518 1074 859 1127 ἐμπαλασσόμενοι
876 1098 923 1105 -
937 1073 1158 1124 Ἀθηναίους)
1180 1075 1316 1117 Suidas
1332 1076 1375 1118 in

123 1130 443 1178 μπαλασσόμενοι
468 1127 517 1168 ibi
542 1129 687 1169 omittit
714 1144 779 1178 τε,
802 1129 845 1169 8:
868 1129 1118 1182 περιστάντες
1144 1127 1190 1168 s}
1210 1130 1242 1170 οἱ
1261 1130 1377 1183 legit:

108 1192 253 1222 vocem
279 1181 646 1233 ἐμπαλασσόμενοι,
676 1182 972 1234 ἐμπλεκόμενοι,
1002 1184 1291 1235 περιπειρόμενοι
1310 1183 1377 1224 θό-

156 1248 219 1281 τι,
270 1235 425 1289 υρόμενοι
451 1237 723 1290 interpretatus
744 1235 799 1277 est
819 1237 923 1291 apud
948 1236 1118 1277 Eustath.
1140 1238 1187 1277 ad
1211 1238 1377 1280 Homer.

106 1249 215 1329 ffiad.
265 1319 278 1337 ‚
297 1302 382 1344 pag.
411 1303 485 1341 527
500 1290 557 1330 ed.
579 1290 698 1330 Rom.
720 1291 855 1331 Aelius
872 1290 1104 1343 Dionyfius.
1118 1291 1265 1332 WAss.
1287 1293 1377 1333 Sui-

109 1343 176 1383 das
200 1356 359 1398 quoque
382 1344 455 1384 alia
479 1343 741 1391 distinffione‚
762 1344 958 1398 κατέῤῥεον
992 1344 1030 1384 ἐς
1050 1346 1106 1383 τὰ
1135 1344 1201 1384 ἐπὶ
1221 1347 1375 1399 θάτερα

114 1394 182 1436 τοῦ
202 1395 391 1450 ποταμοῦ.
416 1399 665 1451 περιστάντες
690 1397 737 1437 δὲ
763 1397 794 1439 οἱ
817 1397 1073 1450 Συρακούσιοι.
1101 1398 1150 1439 Et
1183 1398 1235 1440 fic
1258 1401 1377 1442 eriam

112 1449 186 1492 Gr.
209 1463 281 1492 nec
302 1451 491 1498 deterius,
514 1463 558 1492 ut
581 1452 673 1492 mihi
691 1452 858 1492 videtur.
879 1452 981 1492 Nam
1005 1452 1253 1505 Thucydides
1271 1454 1378 1509 post·

109 1517 158 1544 ea
171 1504 325 1544 demum
339 1505 427 1546 dicit
443 1504 569 1546 hostes
591 1505 880 1547 Atheniensium
894 1506 1058 1546 fluvium
1078 1507 1271 1560 ingressos.
1292 1509 1377 1549 He-

107 1557 284 1611 sychium
298 1559 336 1598 in
350 1558 594 1612 ἑμπαλέξαι,
619 1561 661 1602 &
681 1559 1006 1614 ἐμπαλοὺγματα
1023 1560 1122 1600 bene
1141 1574 1192 1601 ex
1215 1561 1293 1602 hoc
1311 1561 1373 1602 lo-

112 1625 164 1654 co
187 1612 390 1653 emendant
411 1613 618 1667 Sopingius
648 1614 691 1655 δι
714 1613 930 1654 Salmafius.
954 1613 1200 1655 phavorinus
1225 1616 1265 1654 in
1289 1632 1373 1656 πα-

109 1666 332 1709 λάσσεσδαι
355 1667 594 1708 Eustathium
617 1666 850 1716 describens,
868 1680 1067 1722 perperam
1088 1667 1204 1709 habet
1219 1669 1377 1720 ἐμπαισ-

110 1719 278 1774 σόμενοι,
302 1733 376 1775 pro
396 1719 751 1773 ἐμπαλασσόμενοι.

166 1781 260 1835 Pag.
290 1796 378 1837 3¹9·
404 1784 431 1824 l.
459 1798 497 1834 4
520 1781 570 1824 Οἵ
591 1798 636 1825 τε
667 1780 954 1826 Πελοποννήσιοι
979 1784 1373 1830 ἐπικαταβάντες-

111 1834 193 1876 τοῖς
213 1837 395 1892 πολλοῖς)
417 1837 617 1892 Longinus
628 1838 713 1891 περὶ
736 1834 859 1889 ὕψους
881 1852 966 1892 cap.
991 1838 1039 1892 38
1066 1838 1160 1878 haec
1187 1850 1376 1893 tanquam

109 1891 332 1944 exemplum
346 1893 519 1946 optimae
535 1892 771 1946 hyperboles
784 1893 983 1946 proponit.
1002 1892 1076 1932 Sed
1093 1905 1165 1945 pro
1186 1897 1376 1933 Πελοπον-

110 1943 223 1984 νήσιοι
246 1943 365 1986 habet
385 1945 650 1999 Συρακοὶισιοι,
679 1947 787 2000 quod
814 1945 978 1986 fortassis
1011 1958 1150 1985 verum
1175 1945 1239 1985 est.
1271 1947 1374 1988 Nam

110 2010 202 2038 cum
226 1997 265 2037 in
291 2008 377 2039 tota
397 1998 470 2040 hac
493 2001 713 2040 narratione
740 2000 787 2040 de
808 1999 902 2053 fuga
924 1999 1214 2041 Atheniensium
1238 2000 1323 2042 inde
1346 2014 1373 2043 a

113 2063 198 2104 cap.
219 2050 271 2101 78
295 2051 346 2093 us
393 2065 415 2093 e
433 2053 481 2093 ad
503 2053 606 2094 hunc
626 2054 759 2094 locum
780 2053 967 2107 nusquam
988 2052 1307 2107 Peloponnefios‚
1319 2053 1376 2095 fe-

113 2118 157 2145 re
179 2105 324 2159 ubique
338 2067 634 2159 guyracusanoffi
663 2109 707 2149 δι
726 2106 840 2148 semel
864 2108 1084 2160 iterumque
1106 2107 1374 2159 Syracusanos

114 2159 159 2200 δι
179 2171 317 2199 eorum
344 2159 468 2201 socios
485 2162 682 2208 nominet,
700 2174 801 2215 quae
825 2160 938 2201 causa
959 2162 1030 2201 dici
1049 2160 1195 2215 potest,
1217 2175 1286 2201 cur
1307 2162 1372 2203 hic

110 2212 345 2275 potiffimum
370 2214 672 2268 Peloponnesios
694 2228 912 2255 memorare
933 2214 1267 2270 voluerit3nPaulo
1284 2216 1372 2268 post

114 2279 154 2306 m
173 2267 310 2308 eodem
330 2268 384 2308 est
403 2269 546 2308 ἐπίνετο
561 2268 663 2319 ἐμοῦ.
676 2269 752 2309 Pro
774 2269 840 2308 καὶ
854 2270 1120 2323 περιμάχητον
1132 2271 1170 2309 ἦν
1181 2269 1260 2308 τοῖς
1276 2282 1374 2309 πολ-

111 2319 207 2370 λοῖς,
221 2321 376 2363 Tollius
394 2322 445 2362 ibi
462 2335 484 2363 e
502 2321 574 2363 Ms·
589 2323 718 2363 vatic.
738 2323 943 2363 annotavit
961 2323 1026 2361 καὶ
1044 2322 1125 2362 τοῖς
1143 2323 1298 2363 πολλοῖς
1313 2323 1375 2365 ἔτι

114 2367 154 2415 ῗιν
168 2374 452 2430 περιμάχητονε
474 2376 583 2430 quod
605 2376 646 2416 δι
667 2375 791 2430 ipsum
812 2375 1116 2418 consideratione
1129 2377 1287 2429 dignum
1304 2377 1373 2417 est.

166 2440 245 2476 ead.
263 2438 289 2478 Ι.
309 2451 347 2491 9.
366 2436 438 2478 Τοῦ
461 2438 779 2492 στρατεύματος)
801 2437 1005 2479 Diodorus
1022 2453 1058 2492 p.
1084 2452 1159 2492 340
1171 2469 1184 2486 ‚
1203 2443 1294 2493 πρὶς
1316 2440 1373 2491 τῷ

108 2485 291 2545 ,Ἀσινάρῳ
313 2491 481 2544 ποταμῷ
501 2493 879 2546 περικυκλώσαντες,
899 2493 1125 2534 ἀπέκτειναν
1138 2492 1209 2546 μὲν
1227 2495 1374 2546 μυρίους
