1760 3100
361 225 424 274 μ
594 206 1344 277 (ΤΗυαΥΒῙΒῙΒ

364 307 504 363 κάδων
520 303 724 373 ξυνέπλει.
745 305 906 362 πολλα
924 301 969 362 ὃε
987 333 1064 362 και
1085 308 1221 362 ἄλλα
1235 311 1375 362 πλοια
1395 327 1471 362 και
1491 307 1636 364 ὄλκοί-

365 385 461 444 δες
447 407 620 439 εκουσιοι
634 385 1003 450 ξυνηκολούθουν
953 410 1001 451 τῃ
1018 408 1203 458 στρατιοο
1221 389 1425 479 ἐμπορίας
1446 401 1577 439 ενεκοο·
1595 387 1634 438 οὶ

365 484 458 514 τοτε
477 463 627 515 πάντα
643 464 693 513 ἐκ
707 486 777 522 της
792 460 1011 534 Κερκυρας
1026 458 1335 551 ξυνὸιέβαλε
1295 485 1359 515 τον
1379 461 1507 515 Ἰονιον
1523 462 1633 515 κᾶλ-

360 561 458 591 πον.
487 561 567 590 και
593 539 970 633 προσβαλουσοο
949 562 972 598 η
991 540 1130 589 παῖσα
1163 560 1420 634 παρασκευη
1454 538 1554 628 πρός
1588 558 1635 590 τε

366 613 506 686 ἔκροον
525 615 783 679 ’'Iomvyaav,
808 637 886 665 και
905 637 1018 704 προς
1030 612 1265 685 Τοὶραντοο,
1283 636 1361 666 και
1382 615 1438 672 ὡς
1455 609 1635 667 ἵκοιο-τοι

364 691 605 782 sumpno-ow
606 728 619 746 ‚
637 694 958 782 παρεκομίζοντο
975 713 1044 775 τΝην
1058 689 1252 742 Ἰταλίαν
1262 726 1273 745 ,
1288 713 1367 742 των
1378 711 1454 758 μεν
1465 690 1636 743 πόλεων

365 770 412 819 οὐ
440 763 671 837 ὃεχομενων
697 764 845 824 αὐτους
872 764 1019 861 αγοροο
1044 757 1179 818 οὐδε
1160 763 1282 817 οίστει
1296 803 1308 821 ‚
1336 761 1456 818 ὕδατι
1484 759 1528 819 δε
1554 789 1636 819 w

365 841 496 916 οῙομῳ·
519 842 740 915 Ταραντος
759 834 804 894 δε
825 865 903 894 και
882 839 1114 915 Λοκρων,
1133 833 1223 895 οὐδε
1240 838 1404 899 τουτοις·
1425 836 1503 901 ’ἕως
1521 846 1636 898 ἀφί-

365 942 481 974 κοντο
501 919 540 976 ἒς
555 916 815 983 Ρηγιον,
760 942 832 979 της
852 918 1090 975 Ιταλίας’
1068 916 1332 991 ακρωτῆριον,
1356 939 1433 969 κοοι
1457 919 1633 972 ἐνταῦθα

366 992 440 1056 ἤδη
460 996 679 1067 ἠθροίζοντο.
697 1017 774 1046 και
794 993 872 1057 ἔξω
894 1018 964 1055 της
981 993 1150 1052 πόλεως
1171 990 1257 1065 (ὡς
1278 990 1428 1053 αὐτους
1443 995 1539 1047 εἴσω
1559 998 1635 1047 οὐκ

367 1064 597 1139 ἒδεχοντο)
626 1068 902 1155 στρατοπεδον
934 1091 981 1122 τε
1012 1070 1384 1122 κατεσκευάσαντο
1414 1073 1451 1123 ἐν
1478 1070 1540 1144 τῷ
1563 1093 1635 1132 της

368 1143 648 1238 Ἀρτέμιδος
635 1169 745 1219 ιερω,
773 1170 818 1199 ου
844 1148 984 1204 αὐτοῖς
1011 1169 1088 1198 και
1118 1142 1282 1242 ἀγοραν
1306 1149 1521 1238 παρεῖχον.
1555 1144 1636 1198 καὶ

365 1245 448 1281 τας
461 1223 560 1280 ναῧς
578 1221 885 1280 ἀνελκύσαντες
903 1220 1150 1285 ἡσύχασαν·
1165 1245 1243 1274 και
1259 1245 1360 1295 προς
1374 1244 1418 1274 τε
1434 1246 1523 1281 τους
1539 1221 1636 1284 Ρη-

366 1305 504 1366 ·γίνους
529 1298 687 1364 λογους
712 1297 979 1360 ὲποιησαντο,
1000 1298 1204 1362 ἀξιοῦντες
1229 1291 1546 1358 Xoemassaf'
1518 1320 1637 1358 οντας

363 1453 430 1494 das
443 1464 553 1495 erant
564 1453 791 1504 neceffaria,
806 1454 1026 1509 portabant.
1049 1454 1149 1496 Item
1168 1465 1326 1496 centum
1345 1453 1521 1508 navigia,
1533 1465 1636 1508 quae

361 1534 486 1562 naves
509 1522 705 1563 onerarias
729 1523 769 1563 vi
790 1522 1018 1563 neceffitatis
1035 1522 1169 1564 canta
1191 1523 1491 1564 comitabantur.
1521 1521 1637 1563 Mul-

362 1602 403 1632 ta
431 1593 545 1633 etiam
569 1593 641 1633 alia
665 1593 848 1647 navigia,
876 1593 918 1634 δι
940 1606 1062 1634 naves
1084 1593 1284 1634 onerariae
1306 1591 1419 1633 fimul
1444 1592 1635 1646 navigan-

366 1673 426 1703 tes
442 1663 651 1703 exercitum
675 1661 782 1702 ultro
801 1662 1073 1716 negotiationis
1093 1661 1206 1703 causa
1218 1661 1486 1717 sequebantur.
1514 1659 1636 1713 Quae

363 1745 501 1773 omnes
521 1746 543 1772 e
561 1732 744 1784 Corcyra
762 1742 857 1773 tunc
876 1731 1002 1773 smum
1025 1732 1184 1773 Ionium
1205 1731 1317 1773 fimul
1336 1729 1634 1772 transmiserunt.

359 1799 565 1855 Totusque
586 1811 812 1855 apparatus,
833 1801 971 1855 partim
996 1800 1043 1840 ad
1065 1801 1381 1855 promontorium
1402 1800 1607 1855 Iapygiam
1620 1830 1635 1850 ,

360 1871 503 1928 partim
526 1871 740 1911 Tarentum
762 1870 960 1926 appulsus,
983 1872 1121 1926 partim
1140 1872 1258 1911 etiam
1279 1870 1380 1921 alio,
1406 1881 1526 1925 prout
1548 1871 1636 1914 cui-

361 1954 441 1996 que
465 1941 625 1984 facultas
655 1943 742 1983 data
767 1942 821 1983 est
836 1974 848 1993 ,
875 1956 988 1984 oram
1017 1942 1147 1984 Italiae
1173 1943 1342 1997 legentes
1364 1941 1635 1998 praetervehe-

360 2013 527 2064 bantur3
550 2014 593 2055 &
616 2015 792 2056 civitates
813 2028 885 2056 nec
911 2015 960 2055 ad
983 2026 1197 2057 mercatum
1228 2014 1332 2070 ipsos
1361 2014 1634 2064 admittebant,

359 2094 434 2124 nec
460 2083 498 2123 in
519 2083 654 2124 urbem
685 2082 939 2137 recipiebant,
960 2080 1023 2122 sed
1056 2095 1182 2136 aquae
1204 2082 1246 2122 &
1270 2080 1439 2121 stationis
1466 2079 1540 2121 usu
1563 2092 1634 2121 eos

361 2151 624 2192 adiuvabant:
659 2152 877 2193 Tarentum
909 2165 1008 2193 vero
1040 2152 1235 2206 Locrique
1269 2164 1318 2192 ne
1360 2151 1421 2192 his
1451 2149 1632 2204 quidem:

358 2220 484 2263 donec
512 2221 559 2261 ad
578 2221 794 2276 Rhegium,
817 2222 949 2263 Italiae
977 2220 1317 2277 promontorium,
1343 2228 1632 2276 pervenerunt,

359 2303 478 2347 atque
496 2293 585 2333 hic
575 2307 651 2334 1am
675 2295 1032 2369 congregabantur:
1048 2294 1088 2334 &
1105 2304 1215 2334 extra
1234 2293 1370 2333 urbem
1393 2292 1512 2346 (quia
1526 2291 1635 2332 Rhe·

361 2363 441 2416 gini
464 2362 565 2417 ipsos
591 2364 690 2404 intra
709 2377 844 2405 muros
864 2377 946 2405 non
969 2364 1232 2419 recipiebant)
1255 2363 1374 2405 castra
1386 2362 1563 2404 fecerunt
1585 2362 1634 2404 ad

358 2432 511 2475 Dianae
532 2434 744 2488 templum,
767 2434 834 2475 ubi
857 2435 970 2475 etiam
990 2433 1159 2488 Rhegini
1182 2444 1395 2475 mercatum
1418 2432 1505 2488 ipfis
1519 2445 1634 2487 prae-

354 2501 510 2546 bebant.
529 2501 807 2558 Subdustisque
829 2503 1018 2552 navibus,
1032 2502 1280 2558 quieverunt.
1307 2500 1356 2543 Et
1379 2501 1480 2557 apud
1490 2499 1634 2555 Rhegi-⁴
