1754 3120
372 205 465 254 340
561 187 884 236 VARIAE
950 188 1449 237 LECTIONES

368 278 393 318 l.
415 277 452 318 6.
476 278 827 334 προσκτήσασθαι)
856 276 1172 334 προσκτήσεσθαι
1194 279 1263 320 Ar.
1286 280 1333 321 C.
1361 281 1501 321 HUDS.
1523 282 1649 334 Προσῖ,

367 328 577 374 amimea:
605 334 709 375 Dan.
765 335 790 374 I.
822 347 880 374 12.
901 333 1085 388 ἐναντίον)
1106 334 1274 374 ἐναντίων
1291 333 1393 374 Caff.

425 388 516 441 Pag.
541 403 605 442 43.
634 389 659 428 l.
685 403 718 428 1.
737 387 1005 440 ψηφίσωνται)
1032 386 1260 436 ψηφίσανται
1281 388 1380 442 Reg.
1406 385 1506 428 Caff.
1561 387 1585 426 l.
1609 402 1647 441 3.

370 439 513 495 senen)
539 441 649 481 ὃοκεῖ
660 441 731 483 Gr.
785 442 810 482 l.
828 455 866 492 7.
893 440 1003 490 τοῖς)
1022 441 1086 481 καὶ
1106 440 1187 480 τοῖς
1211 441 1310 495 Reg.
1365 443 1390 482 l.
1413 455 1450 493 9.
1473 440 1646 494 πλείοσι)

370 494 542 535 πλείοσιν
566 494 639 535 Gr.
694 496 718 534 l.
741 507 800 534 10.
818 494 889 535 τῶν
906 494 1009 535 deest
1027 494 1099 535 Gr.
1122 494 1228 534 Dan.
1282 496 1359 534 ead.
1382 493 1560 548 αὖτὸθεν)
1582 493 1645 534 Sc·

336 591 337 597 ἵ
371 547 414 588 ἐκ
427 547 496 589 τῆς
517 546 705 589 Ἀττικιῖς.
727 549 866 589 HUDS.
922 549 946 587 l.
972 563 1032 588 11.
1058 547 1178 601 ἄλλο)
1201 549 1311 587 ἄλλω
1332 547 1434 588 Caff.
1488 550 1563 588 ead.
1583 546 1647 587 so·

370 600 449 655 κῖῖ)
473 601 585 642 Jeme?
601 601 706 643 Caff,
730 602 803 643 Gr.
857 602 881 642 l.
910 615 967 655 ¹3·
993 601 1030 642 θ’
1062 602 1121 656 οἱ)
1153 600 1197 642 ἑὲ
1224 601 1255 641 οἱ
1273 601 1378 642 Caff.
1402 601 1501 654 Reg.

427 657 520 709 Pag.
542 670 606 705 44.
640 656 664 695 l.
699 670 731 696 1.
762 654 862 697 πλοῦ
889 656 1003 711 τοὺς)
1040 655 1142 696 πλοῦ
1166 653 1234 695 τοῦ
1259 655 1346 695 τοὺς
1371 654 1432 695 Cl.
1461 655 1533 696 Gr.
1555 655 1648 697 Ald.

369 708 475 749 Flor.
498 709 581 750 Bas.
614 709 744 763 Steph.
770 724 803 749 1.
832 710 972 750 Huns.
999 706 1102 748 Πλοῦ
1125 709 1304 758 τούτους,
1327 708 1368 748 δι
1394 722 1418 750 a
1444 721 1561 750 manu
1584 722 1648 750 re·

370 764 474 803 centi
503 761 570 803 τοῦ
595 762 681 804 τοὺς
704 762 803 804 Caff.
873 764 897 803 l.
922 779 958 803 2.
985 761 1104 817 song)
1135 762 1248 802 ὃοκεῖ
1275 761 1378 803 Caff.
1442 765 1515 803 ead.
1535 765 1647 813 μετὰ

370 815 530 871 ταῦτα)
548 815 789 868 μεταταῦτα
810 816 881 857 Ar.
902 817 991 856 Ald.
1018 816 1122 857 Flor.
1143 815 1226 857 Bas.
1247 815 1424 870 Stephan.
1447 831 1480 856 1.
1499 817 1643 858 Huns.

371 870 472 924 Reg.
486 869 590 911 Caff.
647 872 672 911 l.
694 886 731 925 9.
747 872 822 911 ὅσοι
841 870 995 926 Ἑρμαῖ)
1012 871 1114 910 Vide
1133 868 1316 910 Schefferi
1334 881 1447 910 notas
1461 870 1501 910 in
1512 870 1646 911 Aelia-

372 925 415 964 ni
429 927 524 966 Var.
544 923 640 964 Hist.
657 924 681 964 1.
708 939 730 964 2
743 955 757 972 ,
774 938 806 965 c.
833 939 879 974 41
895 955 909 972 ,
928 926 968 964 &
993 936 1105 964 notas
1126 925 1341 964 Variorum
1362 925 1404 963 in
1422 924 1547 964 Corn.
1563 925 1646 966 Ne-

402 980 480 1018 otis
509 978 762 1018 Alcibiadem.
792 979 931 1019 HUDS.
953 972 1068 1018 “Onu
1099 977 1196 1032 Reg.
1219 970 1327 1018 “Oa-01
1352 976 1510 1031 ‘prtoe'fot
1537 977 1644 1019 Dan.

356 1033 360 1036 ’
385 1037 428 1072 Εν
441 1032 488 1072 ὃὲ
508 1033 657 1073 τούτοις
682 1032 759 1072 ὅσοι
783 1031 854 1072 Ms.
879 1031 964 1073 Bas.
1019 1033 1043 1071 l.
1071 1045 1130 1072 10.
1150 1031 1198 1083 τῇ
1209 1031 1227 1085 )
1247 1031 1322 1071 τῶν
1340 1032 1411 1071 Ar.
1430 1031 1478 1072 C.
1498 1033 1642 1074 HUDS.

373 1085 479 1127 Dan.
547 1089 623 1127 ead.
652 1083 672 1127 ἦ
703 1087 942 1140 τετράγωνος
975 1085 1163 1139 ἐργασία,
1186 1082 1385 1138 oramen&
1410 1087 1646 1139 τετράγωνος

374 1139 542 1194 ἐργασία
564 1138 689 1181 πολλὴ
713 1140 784 1181 Ar.
816 1140 862 1181 C.
889 1141 1030 1180 Huns.
1052 1139 1177 1180 Πολλὴ
1207 1140 1321 1179 etiam
1344 1139 1440 1193 Reg.
1468 1139 1510 1179 δι
1534 1138 1642 1181 Dan.

374 1196 400 1233 l.
431 1209 487 1235 12.
513 1193 817 1247 περιεκόπησαν)
839 1194 943 1234 Vide
964 1194 1130 1234 Annott.
1156 1194 1295 1233 HUDs.
1349 1194 1375 1231 l.
1395 1206 1467 1257 713.
1493 1190 1612 1234 οὐθεὶς
1625 1194 1651 1249 )

373 1248 516 1303 ἐλέχθη
534 1248 592 1289 ὅτι
615 1247 781 1300 Κορίνθιοι
808 1247 879 1286 ιΡια
902 1247 988 1288 τοὺς
1011 1247 1281 1300 Συρακουσίους
1308 1246 1488 1286 ἀποικους
1505 1247 1646 1296 ἴντας,

376 1299 425 1342 ὣς
448 1302 691 1355 ἐπισχέσεως
719 1301 891 1352 ἐσομένης
915 1304 1006 1354 πρὸς
1035 1301 1108 1340 τῶν
1141 1301 1293 1350 οἰωνῶν,
1319 1302 1338 1342 ἢ
1360 1302 1644 1353 μεταγνώσεως

375 1355 446 1396 τοῦ
478 1356 669 1407 πολέμου,
704 1353 836 1394 ταῦτα
867 1354 1059 1409 spoia-esav.
1098 1354 1324 1394 Plutarchus
1360 1355 1398 1394 in
1431 1355 1646 1398 Alcibiade.

373 1410 514 1451 Huns.
567 1412 641 1449 ead.
666 1407 877 1463 μεγάλοις)
901 1409 1000 1449 Vide
1022 1408 1323 1448 Demosthenem
1344 1408 1385 1448 in
1399 1408 1584 1460 Midian,
1599 1410 1643 1452 δε

373 1461 585 1505 Andocidis
606 1462 720 1504 Orat.
741 1463 824 1516 περὶ
852 1463 926 1503 τῶν
945 1462 1163 1517 μυστηρίων.
1188 1463 1315 1502 IDEM.

433 1519 527 1571 Pag.
545 1530 609 1570 45.
634 1519 658 1556 I.
685 1531 717 1556 1.
736 1516 951 1571 μηνύτροις)
973 1517 1176 1568 μινυτροις,
1197 1517 1239 1557 &
1261 1514 1378 1571 paulo
1401 1514 1487 1569 post
1503 1515 1645 1567 μινύειν

377 1571 450 1613 Gr.
504 1574 578 1611 ead.
603 1570 772 1621 δημοσίᾳ.
791 1571 938 1610 omittit
964 1570 1036 1611 Gr.
1055 1571 1192 1610 Huns.
1245 1573 1320 1610 ead.
1341 1584 1385 1610 τε
1410 1568 1511 1623 deest
1537 1570 1643 1614 Dan.

377 1627 404 1665 l.
426 1641 460 1666 2.
485 1621 602 1680 visent)
626 1620 724 1666 εἷέεν
745 1625 816 1665 Ar.
830 1624 877 1665 C.
898 1625 1035 1664 HUDS.
1061 1623 1162 1664 Dan.
1217 1624 1241 1664 l.
1269 1637 1299 1676 5.
1323 1622 1550 1679 ξυνωμοσία)
1570 1625 1643 1678 ξω·

376 1679 495 1730 μοσία
512 1679 582 1720 Gr.
636 1680 661 1718 l.
682 1693 719 1728 7.
745 1673 828 1732 οὖν)
845 1676 938 1733 γοῦν
960 1679 1085 1731 Marg.
1105 1677 1258 1718 Camer.
1275 1676 1335 1718 Cl.
1360 1678 1499 1718 HUDs.
1553 1679 1577 1719 l.
1601 1678 1641 1721 8.

375 1732 534 1787 Ἑρμῶν)
562 1732 732 1786 Ἑρμαίων
754 1731 858 1772 Dan.
931 1732 955 1771 l.
982 1745 1041 1772 10.
1059 1732 1125 1771 καὶ
1147 1734 1202 1771 τδι
1216 1727 1432 1785 μυστήρια)
1451 1731 1643 1784 Mysteria

377 1787 443 1828 illa
462 1796 570 1827 erant
590 1786 744 1826 Cerei-is
757 1785 860 1827 sacra
881 1798 1030 1825 arcana.
1053 1786 1223 1838 Mysteria
1251 1785 1374 1825 cereris
1392 1785 1563 1826 initiorum
1576 1786 1644 1838 fiz-

380 1858 440 1881 cra
465 1852 586 1881 vocat
609 1840 800 1887 Iustinus,
822 1840 990 1880 criminis
1012 1840 1128 1879 huius
1153 1839 1385 1879 mentionem
1400 1838 1553 1879 faciens.
1568 1841 1643 1881 Vi·
1686 1880 1689 1885 ,

378 1895 426 1936 de
445 1905 558 1935 notas
581 1895 796 1934 Van-iorum
822 1895 862 1933 in
886 1893 1008 1934 Corn.
1025 1893 1188 1947 Nepotis
1217 1892 1455 1933 Alcibiadem
1470 1922 1483 1941 ‚
1509 1894 1551 1933 &
1577 1894 1643 1935 Iu-

377 1949 466 1989 stini
491 1949 555 1989 lib.
580 1963 621 1989 v.
642 1949 780 1988 Huns.
854 1949 879 1987 l.
896 1948 969 1987 ‘11.
1002 1946 1183 2000 ποιῆται)
1216 1945 1382 1986 ποιεῖται
1417 1946 1515 2000 Reg.
1540 1946 1640 1989 Cafl:

377 2002 483 2043 Dan.
538 2005 612 2042 ead.
638 2001 673 2041 ἐν
698 2000 861 2055 οἰκίαις)
883 2000 1032 2041 Scilicet
1054 2001 1094 2040 in
1112 2000 1336 2053 Polytionis
1355 2001 1500 2047 domo,
1518 2012 1562 2041 ut
1586 2003 1642 2043 ait

377 2057 564 2098 Isocrates
589 2056 700 2097 Orat.
727 2055 774 2095 de
809 2055 926 2115 bigis,
955 2055 998 2095 δι
1027 2054 1245 2094 Andocides
1273 2053 1322 2094 de
1347 2052 1570 2106 Mysteriis,
1597 2056 1642 2098 δι

378 2110 606 2151 Plutarchus
630 2110 671 2148 in
692 2109 963 2162 Sympohacis.
983 2108 1191 2148 Palmerius
1217 2109 1256 2147 in
1283 2107 1486 2148 Exercitat.
1509 2122 1546 2161 p.
1577 2122 1640 2163 53.

379 2165 521 2206 HUDS.
543 2163 626 2204 Ἐπὶ
642 2163 759 2202 οἰκίας
779 2162 852 2202 Ms.
881 2161 965 2202 Bas.
1019 2163 1043 2201 l.
1075 2176 1135 2215 13.
1157 2160 1333 2212 ἐμποέὼν
1355 2161 1434 2201 ’όντι
1452 2160 1547 2215 &c.)
1571 2163 1641 2213 ἐμ-

378 2218 509 2258 ποὲὼν
530 2217 608 2257 ’όντι
636 2216 762 2266 σφίσι,
781 2215 834 2266 μὴ
868 2211 996 2256 αὐτοῖς
1017 2214 1088 2254 τοῦ
1119 2212 1240 2265 «Γίιμου
1267 2215 1340 2254 &c.
1368 2214 1439 2254 Ar.
1464 2214 1510 2255 C.
1547 2216 1640 2258 ΑΜ.

377 2272 482 2314 Plor.
506 2270 589 2311 Bas.
616 2271 754 2310 Huns.
775 2266 899 2309 ’Όντα
926 2269 1028 2309 Dan.
1052 2268 1161 2319 Σφίσι
1190 2268 1289 2322 Reg.
1315 2266 1416 2308 Caff.
1449 2267 1553 2309 Dan.
1579 2269 1640 2314 Μὴ
1698 2261 1706 2274 ”

378 2321 507 2367 αὖτοῖς
526 2324 623 2377 Reg.
643 2322 746 2364 Caff.
767 2322 871 2363 Dan.
890 2322 963 2364 Gr.

433 2381 525 2432 Pag.
548 2380 615 2428 46.
629 2377 654 2417 l.
685 2391 718 2416 1.
743 2375 993 2430 ἐξελάσειαν)
1013 2374 1237 2428 ἐξελάσαιεν
1257 2373 1359 2415 Caff.
1412 2375 1438 2414 l.
1463 2390 1497 2415 2.
1514 2374 1570 2415 τά
1592 2390 1638 2417 τε
1702 2397 1715 2401 ·>

373 2431 584 2485 μυστικὰ)
615 2433 670 2470 τὰ.
690 2433 865 2482 μυστικὰ
893 2431 959 2469 Ar.
988 2429 1035 2469 C.
1060 2430 1197 2469 Huns.
1268 2429 1292 2467 l.
1326 2444 1362 2478 4.
1387 2428 1636 2483 ἐπιλέγοντες

373 2485 588 2541 τενμίιριοι)
615 2483 852 2539 ἐπιλέγοντες
874 2498 917 2525 τε
938 2479 1120 2536 τεκμήρια
1146 2482 1249 2523 Dan.
1302 2482 1328 2523 l.
1353 2495 1385 2537 5.
1407 2479 1446 2524 οὗ
1473 2482 1639 2536 ἒημοτι·
1700 2515 1702 2517 »
