1754 3120
308 121 462 219 ’ᾎῳ
572 151 1447 200 ANNOTATIONES

367 241 530 282 τιώτοις.
550 244 696 283 WAss.
715 239 956 294 Dionysium
978 241 1097 283 huius
1114 242 1298 283 censurae
1319 242 1478 283 nomine
1497 241 1641 283 merito

369 297 486 336 etiam
511 296 752 350 reprehendit
773 295 993 348 Stephanus
1010 296 1050 335 in
1065 296 1102 336 A
1131 296 1243 350 pend.
1259 296 1306 336 ad
1319 296 1458 350 Script.
1477 296 1524 336 de
1542 296 1641 336 Dia-

370 349 457 390 le&
482 364 519 404 p.
552 363 567 389 1
607 363 638 390 1.
661 351 743 390 Vix
767 348 867 389 ullus
897 347 1061 402 scriptor
1082 310 1357 400 (graecusest,
1378 351 1445 404 qui
1465 349 1543 391 hoc
1571 363 1639 404 ge-

332 405 333 409 ’
370 416 465 444 nere
487 403 564 444 stru
605 417 696 444 urae
715 415 797 443 non
821 412 968 443 utatur.

426 458 518 512 Pag.
544 458 607 498 61.
627 458 651 497 l.
673 472 708 497 2.
732 454 823 496 0135*
845 454 965 496 ἀληθῆ
988 455 1121 523 ἐστιν)
1144 455 1285 511 Neque
1304 456 1488 513 scriptura
1505 457 1644 498 Mss'to-

371 524 462 552 rum
487 512 527 552 &
550 511 632 551 edd.
653 512 692 550 in
712 511 857 564 quibus
882 509 957 556 est,
981 509 1011 551 οἱ
1033 509 1072 550 «Γ
1097 509 1234 558 amai,
1255 524 1381 566 neque
1401 513 1507 566 prior
1534 525 1638 552 con-

373 565 519 605 ienura
543 563 721 612 Porti„oi
745 563 813 612 sk,
834 566 882 604 ὣς
906 562 1044 611 ἀληθῆ,
1061 564 1179 617 recipi
1201 563 1336 618 potest.
1366 566 1468 606 Nam
1487 566 1534 605 de
1553 565 1613 606 his
1627 597 1642 616 ,

373 620 442 672 qui
471 618 586 658 fidem
607 618 875 672 Hermocratim
886 617 1100 667 habebant,
1127 618 1264 658 deinde
1287 616 1366 672 agit
1392 619 1641 673 Thucydides

374 673 436 712 his
459 672 608 720 verbis,
631 672 759 726 ὀλίγον
786 670 824 711 δ’
851 672 892 711 ἢν
914 674 959 711 το
983 670 1161 712 πιστεῦον
1180 671 1234 722 τῷ
1256 671 1496 725 Ἑρμοκράτει.
1514 673 1639 716 Recte

365 726 533 767 ‘habebit
555 726 691 773 locus,
717 725 748 766 st
768 726 822 765 ita
845 724 1116 778 distinguatur,
1138 735 1183 766 ut
1203 725 1362 766 volebat
1379 726 1537 777 Portus,
1561 724 1644 768 οὔθ’

374 779 495 820 ἀληθῆ
515 779 616 820 ἐστιν
640 779 668 818 a
688 779 732 820 λέ
770 794 815 819 ει.
841 778 890 821 In
906 777 1000 826 illo,
1018 779 1124 832 quod
1149 778 1349 832 sequitur,
1367 780 1450 820 ’τοῖς
1467 780 1537 828 δὲ,
1561 795 1641 822 ma-

373 834 436 874 ior
473 833 675 874 difficultas
701 847 723 874 e
757 864 765 873 .
789 831 852 873 Est
868 833 971 873 enim
1001 833 1115 886 plane
1144 833 1309 880 durum,
1330 835 1582 875 nominativis
1608 835 1641 877 οἱ

373 888 466 940 μὲν,
488 888 531 927 &
549 885 661 928 ἄλλοι
680 887 724 927 δὲ
743 888 936 941 interponi
950 887 1122 926 dativum
1138 886 1219 926 τοῖς
1233 886 1289 927 δέ.
1311 887 1385 928 Sed
1403 889 1493 942 quia
1512 889 1642 943 primo

375 942 620 983 nominativo
641 941 670 981 οἱ
686 940 757 992 μὲν
778 954 859 981 non
879 941 1085 995 apponitur
1106 940 1293 990 verbum,
1308 940 1370 982 sed
1388 940 1641 997 supplendum

377 997 608 1050 relinquitur
623 1027 636 1046 ‚
661 995 722 1036 hic
744 1008 904 1050 quoque
928 995 1143 1035 orationem
1166 996 1295 1049 potius
1320 1006 1413 1049 apto
1435 997 1568 1051 aliquo
1593 997 1642 1038 ad

374 1049 603 1091 sententiam
626 1049 750 1090 verbo
779 1049 1029 1104 explendam,
1058 1061 1178 1103 quam
1201 1047 1425 1103 scripturam
1449 1061 1643 1106 receptam

376 1104 600 1145 mutandam
621 1104 801 1143 arbitror.
1101 1134 1104 1139 .

372 1180 374 1185 ,
432 1159 525 1211 Pag.
551 1159 614 1198 62.
637 1159 660 1197 l.
689 1173 724 1198 2.
747 1155 1118 1212 Ἔπηλυγάζωντοιι)
1139 1156 1198 1197 Ita
1214 1156 1370 1206 Suidas,
1392 1156 1642 1209 Aristoteles,

378 1212 555 1252 Laertius
568 1242 580 1258 ,
601 1211 807 1264 Synefius3
823 1211 864 1251 &
878 1212 1028 1251 Moeris
1040 1211 1380 1265 ἐπηλυγαζόμενος.
1401 1211 1558 1253 Gloffae
1575 1226 1645 1254 ve·

377 1279 450 1313 ro,
476 1267 790 1319 ἑπιλυγέιζεσῧοιι
827 1266 1042 1305 obnubilare:
1066 1265 1115 1305 ab
1136 1262 1284 1318 r’mv‘yt‘r,
1305 1266 1383 1305 vid.
1404 1266 1642 1319 Hesych‘mm

378 1320 420 1360 in
441 1333 566 1368 voce,
590 1321 632 1361 &
650 1319 750 1373 apud
771 1319 982 1359 Atticistam
1005 1319 1112 1372 lege,
1137 1317 1260 1372 ἦλυγὴ
1281 1321 1362 1373 γὰρ
1380 1316 1400 1361 ἦ
1423 1321 1526 1360 σκιά.
1546 1320 1645 1362 Ero-

377 1375 472 1414 tian.
495 1374 627 1414 locum
647 1374 891 1426 Thucydidis
914 1373 1096 1422 laudans,
1117 1372 1218 1413 male
1244 1375 1310 1413 τον
1333 1373 1503 1427 σφέτερον
1520 1374 1613 1427 legit
1627 1405 1643 1423 ,

376 1427 441 1468 sed
454 1429 613 1481 corrigit
633 1427 671 1468 se
694 1429 734 1468 in
751 1430 805 1467 τὰ
818 1425 1019 1478 immitam
1039 1428 1079 1467 δι
1095 1440 1169 1481 pro
1187 1425 1455 1479 ἑμποὸίζοντοιι
1468 1457 1478 1474 ,
1498 1428 1643 1482 inquit,

379 1482 639 1536 Hippocrates
669 1482 800 1522 utitur.
831 1481 980 1522 Confer
1012 1482 1176 1521 eundem
1202 1482 1241 1520 in
1266 1492 1434 1535 λελυγιο·
1466 1481 1539 1522 iva.
1561 1483 1643 1535 Ly-

381 1537 518 1590 cophr.
533 1551 573 1576 v.
592 1549 662 1590 35¹
679 1564 691 1584 ‚
706 1535 757 1576 εἰς
778 1535 948 1588 ἀνώροφον
968 1536 1113 1590 στέγην
1131 1533 1280 1587 Εἱρκτὶῖς
1300 1534 1552 1582 &mammam
1566 1541 1645 1575 ΛΥ-

381 1591 521 1631 ΓΑΙΑΣ
545 1589 693 1641 ἓέμοις,
718 1588 956 1630 tenebricosi.
974 1590 1121 1629 WAss.
1140 1589 1506 1644 Ἐπηλυγοισέιμενος
1526 1590 1641 1630 etiam

380 1656 406 1684 e
425 1643 583 1684 Platone
601 1642 714 1683 affert
749 1642 969 1684 Eustathius
990 1643 1029 1682 in
1050 1643 1156 1683 Iliad.
1185 1642 1236 1690 κ’,
1256 1657 1294 1696 p.
1321 1642 1426 1697 809,
1450 1657 1496 1684 ac
1515 1644 1559 1683 λ’
1602 1659 1642 1685 ην

381 1711 407 1738 a
428 1698 624 1738 veteribus
643 1700 778 1747 σκιὰν,
801 1698 843 1737 &
860 1696 1026 1738 affumto
1051 1711 1070 1737 n
1090 1694 1231 1751 ἠλύγην
1245 1697 1319 1737 dici
1341 1697 1463 1738 tradit.
1485 1697 1553 1752 Au
1593 1711 1642 1739 or

381 1752 613 1806 Etymolog.
639 1752 697 1792 M.
726 1752 764 1791 in
790 1751 1131 1805 ἑπηλυγέιζοντοιι,
1154 1751 1275 1805 λύγην
1297 1749 1477 1791 καλοῦσιν
1498 1751 1532 1790 οἱ
1554 1752 1643 1792 Ἀτ-

382 1806 482 1846 vano}
514 1821 578 1846 των
609 1807 744 1854 σκιὰν,
770 1808 789 1845 ἢ
817 1805 886 1846 τὴν
918 1804 1086 1846 σκοτίαν.
1111 1804 1330 1845 Eustathius
1351 1805 1393 1845 &
1417 1804 1642 1847 Scholiastes
1721 1812 1748 1831 ῖ-

381 1872 529 1914 parvus
547 1860 712 1900 Homeri
730 1860 770 1899 in
783 1859 889 1899 Iliad.
914 1859 962 1906 η’,
986 1872 1028 1899 ν.
1044 1873 1070 1908 4
1101 1874 1148 1912 3,
1165 1860 1256 1910 προς
1278 1859 1345 1898 τὴν
1358 1858 1502 1912 λύγην,
1517 1859 1536 1898 δ’
1557 1860 1639 1900 ἐστι

382 1913 550 1954 σκοτίαν.
573 1912 801 1954 Scholiastes
821 1912 1008 1968 Apollon.
1029 1912 1063 1952 R
1094 1913 1158 1952 od.
1181 1911 1236 1960 11,
1263 1926 1385 1967 1123,
1400 1913 1467 1952 καὶ
1490 1914 1554 1953 τὶν
1573 1913 1641 1953 ἑνι-

381 1970 497 2008 αυτὸν
523 1968 767 2013 λυκάβαντα,
793 1966 891 2008 οἱονεὶ
911 1966 1160 2020 λυγάβοιντοι.
1186 1966 1267 2006 ἐπεὶ
1285 1968 1391 2016 μετὰ.
1414 1967 1538 2019 λὺγης
1559 1966 1644 2012 βοιί·

381 2036 444 2063 νει.
471 2021 522 2062 Et
544 2022 705 2062 Tzetzes
734 2020 781 2061 ad
806 2021 1005 2074 Lycophr.
1027 2020 1052 2060 l.
1078 2021 1114 2060 d.
1133 2019 1240 2074 ,λὺγη
1303 2022 1348 2071 ὰς
1372 2018 1397 2061 ὖ
1425 2018 1504 2072 νύξ.
1528 2021 1642 2061 Unde

383 2075 549 2129 λυγαῖος
568 2077 749 2137 ‹fise-urus,
773 2075 1040 2136 apud-poetas.
1066 2073 1251 2128 Apollon.
1310 2073 1400 2114 hod.
1426 2073 1449 2112 l.
1474 2074 1510 2114 d.
1533 2073 1577 2113 δι
1599 2073 1640 2123 1,

387 2129 479 2170 218.
495 2129 663 2183 Euripid.
689 2129 861 2182 Iphigen.
881 2141 920 2168 m
943 2129 1066 2169 Taur.
1078 2142 1118 2168 ν.
1143 2140 1228 2167 110.
1246 2127 1313 2167 ubi
1333 2127 1411 2167 vid.
1430 2127 1584 2168 Barnes.
1599 2128 1642 2168 &
1711 2125 1723 2180 j

385 2183 433 2222 ad
448 2182 613 2223 eiusdem
633 2182 804 2236 Cyclop.
827 2197 867 2222 v.
889 2182 979 2232 676.
993 2180 1237 2222 Aristotelem
1257 2194 1338 2221 non
1356 2179 1478 2221 solum
1501 2180 1642 2222 ἔπηλυ·
1752 2217 1754 2224 .

417 2236 606 2289 stacam,
630 2235 692 2275 sed
722 2237 837 2276 etiam
867 2236 1174 2289 ἑπηλυγίζεσθοιι
1203 2234 1327 2275 dicere
1342 2265 1356 2283 ,
1382 2234 1542 2275 ostendit
1558 2234 1639 2275 Bu·

408 2303 499 2331 aeus
517 2290 558 2330 in
578 2289 841 2330 Commentar.
865 2290 977 2343 Ling.
1004 2288 1076 2330 Gr.
1099 2301 1184 2344 pag.
1213 2288 1315 2342 346,
1342 2287 1386 2328 δι
1403 2301 1453 2329 ex
1473 2301 1524 2331 eo
1553 2287 1637 2330 Ste-

379 2344 547 2399 phanus.
567 2343 791 2385 Scholiastes
812 2342 911 2384 Cass'.
931 2342 1045 2382 habet
1067 2342 1388 2396 ἑπιλυγάζωντοιι.
1435 2359 1438 2362 ’

435 2401 509 2439 ead.
521 2397 547 2437 l.
560 2411 597 2452 9.
611 2395 971 2450 Κοιτοιλελυμένους)
987 2396 1110 2444 Idem,
1126 2395 1232 2449 quod
1247 2394 1479 2436 Scholiastes
1489 2425 1503 2442 ‚
1516 2394 1635 2437 etiam
1715 2377 1754 2411 ·”

375 2451 520 2493 Thom.
541 2449 722 2506 Magister
742 2459 923 2502 annotat,
941 2450 1270 2503 κοιταλελυμένους
1285 2449 1346 2491 hic
1360 2449 1485 2493 aaive
1499 2447 1607 2490 sumi.
