1754 3120
346 133 442 193 '408
548 131 1423 180 ANNOTATIONES

346 221 492 263 Verius
523 222 727 264 Phalaridis
747 232 872 263 aetate
896 223 998 263 circa
1029 232 1142 278 3434.
1169 222 1338 265 Gentilia
1361 221 1623 274 Λαμψακηνδς

348 277 454 330 apud
471 277 644 318 nostrum
664 278 707 317 ὅτ.
729 276 897 317 Diodor.
927 277 970 317 &
997 276 1228 328 Λαμψάκιος
1250 278 1288 317 in
1314 277 1460 331 Lapide
1476 277 1624 317 Grute-

347 331 474 371 riano.
498 331 635 384 Quam
658 331 825 371 formam
854 330 1067 384 sequuntur
1085 332 1236 378 Latini,
1262 343 1306 371 ut
1325 345 1374 371 ex
1391 331 1622 371 villicorum

347 384 596 439 inscriptione
620 395 738 440 patet.
765 387 866 425 Dum
889 396 951 424 tua
972 384 1174 436 pomiferum
1205 386 1351 438 custodia
1374 386 1519 439 protegit
1543 386 1624 425 hor-

348 451 421 479 tum
450 440 524 480 &c.
550 439 773 493 Lampficcios
807 439 923 478 melior
953 454 1021 478 non
1051 439 1173 478 imbuet
1198 440 1303 492 hostia
1324 441 1472 487 cultros,
1503 441 1621 490 Quam

347 494 457 533 veniet
472 494 584 546 nostra
603 494 740 533 viffima
758 492 857 545 caesa
870 508 985 532 manu.
1009 491 1177 532 Historia
1191 493 1273 532 eius
1293 503 1446 545 petatur
1468 493 1516 533 ab
1540 493 1622 532 He-

346 547 495 588 rodoto
518 549 573 594 V,
600 561 698 598 117,
721 546 903 600 Xenoph.
923 561 964 600 p.
987 559 1080 599 455,
1111 545 1250 598 Polyb.
1276 546 1412 595 XVII,
1429 561 1466 601 p.
1496 559 1620 595 1072,

348 601 467 641 Livio
488 599 634 648 XLIII,
650 601 696 648 6,
717 600 883 640 Diodor.
898 614 936 654 p.
949 598 1028 651 788
1040 631 1054 646 ,
1079 612 1173 654 79¹³
1197 600 1365 655 Appian.
1381 615 1418 654 p.
1442 600 1508 651 87,
1531 614 1624 646 222,

348 653 641 707 Polyaenon,
673 669 718 704 1,
749 656 823 702 26,
851 654 1007 695 Zofimo
1035 652 1100 702 11,
1133 667 1232 701 100,
1264 654 1318 703 V,
1342 668 1379 708 p.
1411 667 1514 708 314,
1549 653 1622 694 So-

350 719 458 749 crate
482 708 577 750 Hist.
598 706 740 749 Eccles.
761 709 816 757 V,
840 707 878 748 8.
902 707 966 749 De
992 706 1343 762 Lampsacenorum
1363 706 1538 748 laudibus
1561 707 1623 747 adi

348 762 597 803 Ciceronem.
623 763 751 803 Hodie
773 762 917 803 Turcis
937 762 1083 816 Lepseke
1097 791 1110 808 ,
1138 772 1183 801 ut
1204 774 1280 801 nos
1299 761 1412 802 docet
1435 761 1625 801 Leuncla-

350 818 441 857 vius
463 816 606 858 Annal.
632 816 832 857 Nonnulla
855 816 998 857 addunt
1020 815 1234 856 Whelerus
1258 815 1346 856 Itin.
1370 828 1458 870 pag.
1485 816 1559 868 76,
1581 815 1625 855 δι

350 870 600 924 Motraye1‚
631 885 718 936 303.
746 872 893 911 WAss.
1173 915 1176 918 Α

406 928 481 965 ead.
504 926 526 965 l.
551 938 612 965 12.
646 923 862 978 Ύπόπτιις)
883 923 956 971 Gr.
980 923 1022 964 δι
1046 923 1202 978 quidam
1225 923 1316 964 editi
1330 918 1517 964 ὕποπτος.
1535 936 1625 964 cum

351 979 522 1033 vulgatis
544 978 620 1019 Th.
647 979 714 1018 Ma
744 978 830 1019 ister
852 980 890 1018 in
917 974 1104 1018 ὕποπτος.
1128 980 1275 1018 WAss.
1303 978 1475 1018 Imitatur
1499 977 1628 1017 Aelia-

350 1039 430 1074 nus'
446 1034 504 1073 IV
535 1034 630 1073 Var.
654 1034 706 1073 Hi
741 1063 749 1073 .
780 1031 848 1080 18,
864 1029 1044 1072 ὑπόπτης
1066 1031 1111 1072 ὢν
1134 1031 1186 1072 εἰς
1205 1030 1361 1072 πάντας
1382 1031 1399 1070 ὃ
1425 1029 1627 1072 Διονύσιος.

351 1087 418 1184 Pe
443 1087 511 1181 ἰίῗ,
542 1100 642 1142 quae
660 1086 887 1128 Scholiastes
909 1086 971 1126 hic
991 1094 1175 1135 annotat,
1202 1085 1265 1125 adi
1290 1086 1518 1140 interpretes
1541 1084 1626 1126 Pol-

368 1155 449 1182 ucis
503 1171 514 1188 ,
543 1156 559 1181 1
621 1172 630 1181 .
1648 1180 1649 1185 ,

410 1197 503 1248 Pag.
528 1155 643 1249 9Z7l.
673 1210 706 1235 1.
727 1194 780 1233 Ἐν
805 1192 957 1248 παύλῃ)
979 1192 1084 1234 Male
1098 1193 1243 1234 Thom.
1264 1191 1446 1246 Magister
1470 1192 1511 1231 in
1533 1191 1627 1232 ἀνά-

352 1262 512 1291 παυλαε
532 1253 575 1289 τὶ
607 1249 653 1290 ἒὲ
684 1247 825 1289 παῦλα
855 1247 1052 1299 ἀὲὂκιμον.
1075 1248 1145 1288 Usi
1171 1247 1258 1288 sunt
1282 1257 1433 1301 praeter
1456 1246 1628 1297 Thucy·

352 1305 477 1345 didem
504 1304 618 1344 etiam
643 1303 777 1351 Plato,
800 1302 1051 1352 Aristoteles,
1071 1302 1255 1342 Socrates
1273 1300 1374 1356 apud
1394 1299 1629 1341 Scholiasten

353 1358 550 1412 Aristoph.
572 1358 677 1398 Nub.
694 1371 733 1398 v.
755 1371 829 1411 94,
855 1357 897 1396 δι
918 1355 1136 1409 Dionyiius
1162 1355 1285 1396 Halic.
1337 1355 1396 1395 lus
1414 1353 1540 1394 semel.

410 1416 484 1452 ead.
504 1413 528 1451 l.
557 1427 594 1462 4.
621 1409 680 1452 Ei}
705 1410 777 1452 τῶν
794 1409 1028 1464 ἒεὸεμὲνων)
1050 1410 1274 1450 Andocides
1338 1418 1454 1448 rator.
1479 1407 1627 1448 Plutar-

355 1467 454 1507 chus
477 1466 602 1507 Alcib.
628 1465 696 1520 qui
724 1466 761 1506 ei
783 1464 990 1505 Timaeum
1022 1464 1215 1517 quendam
1230 1494 1242 1510 ‚
1266 1462 1322 1503 fin
1348 1462 1465 1503 ularis
1489 1461 1629 1502 callidi-

352 1522 445 1561 tatis
467 1520 508 1561 &
530 1520 710 1561 audaciae
727 1519 925 1560 hominem
938 1549 950 1567 ‚
969 1518 1082 1558 huius
1101 1516 1246 1558 consilii
1266 1530 1317 1557 au
1357 1529 1467 1557 orem
1491 1514 1600 1555 fuisse
1615 1544 1629 1562 ‚

354 1576 398 1616 δι
423 1576 583 1615 decreto
634 1574 764 1614 ublico
790 1573 858 1622 iis,
881 1574 949 1627 qui
979 1572 1017 1613 se
1044 1571 1113 1626 ipsi
1143 1570 1390 1620 indicassent,
1423 1570 1630 1624 impunita-

357 1640 436 1670 tem
458 1629 587 1682 promi
619 1642 679 1668 am
702 1627 840 1668 scribit.
1086 1640 1106 1649 ·

413 1684 504 1735 Pag.
532 1696 595 1735 95.
617 1684 641 1721 l.
671 1694 703 1734 5.
724 1680 799 1721 Τῶν
831 1680 877 1720 st
897 1679 1162 1734 ὃιαιφυγὸντων
1189 1702 1234 1709 -
1257 1677 1311 1728 τῷ
1329 1676 1632 1731 ἀποκτείναντι)

356 1738 467 1778 Haec
485 1737 590 1791 apud
610 1735 763 1777 Suidam
786 1736 825 1775 in
848 1734 1047 1775 ἐπανεῖπον
1070 1746 1268 1787 perperam
1286 1745 1309 1772 e
1333 1731 1415 1772 Lib.
1431 1730 1528 1772 VIII
1550 1731 1633 1771 lau-

356 1793 509 1832 dantur.

412 1850 486 1886 ead.
510 1845 534 1885 l.
555 1844 593 1884 6.
612 1838 833 1884 Ἐπαινὲῖπον
854 1840 1024 1896 ἀργύριον
1048 1840 1104 1891 τῷ
1130 1838 1430 1894 ἀποκτείναντι)
1453 1839 1543 1879 Huc
1567 1851 1630 1878 re-

357 1898 416 1940 fer
433 1900 631 1940 decretum
646 1898 692 1937 de
711 1897 884 1950 Diagora
902 1896 1026 1936 Melio
1041 1924 1052 1944 ‚
1075 1895 1144 1948 qui
1166 1891 1270 1934 ἄθεος
1283 1893 1479 1934 dicebatur
1491 1922 1502 1940 ,
1522 1892 1631 1946 quod

356 1953 410 1994 sic
440 1953 665 2006 inscriptum
696 1950 769 1991 fuit
793 1951 1019 1998 columnae,
1043 1949 1106 1990 ἐάν
1130 1963 1193 1988 τις
1214 1948 1413 1998 ἀποκτείνῃ
1438 1946 1632 2000 Διαγόραν

358 2011 423 2047 τὴν
438 2005 575 2050 Μήλιον
588 2037 600 2055 ,
620 2005 829 2057 λαμβάνειν
848 2003 1020 2066 ἀργυῗίου
1036 2002 1238 2055 τάλαντον.
1257 2002 1391 2042 recitat
1405 1999 1632 2053 Aristopha-

359 2074 430 2101 nes
454 2062 493 2101 in
519 2060 685 2100 Avibus.
713 2059 922 2099 Palmerius
945 2070 984 2097 in
1008 2057 1216 2098 Exercitat.
1249 2069 1287 2110 p.
1323 2067 1382 2108 54.
1408 2055 1545 2094 Huns.
1565 2052 1631 2093 Ad

362 2116 469 2156 hunc
496 2114 625 2155 locum
649 2112 813 2154 fortaffis
841 2111 1009 2166 respexit
1040 2110 1180 2151 Pollux
1207 2109 1268 2155 11,
1295 2108 1393 2156 118,
1415 2107 1628 2148 ἑπανειπὼν

361 2168 555 2222 ἀργύριον,
578 2165 646 2208 οἷὸν
667 2165 904 2230 ἐπικηρύξας.
928 2165 1092 2206 Videtur
1112 2177 1187 2219 pro
1203 2163 1340 2204 eodem
1367 2161 1536 2201 habuiffe
1562 2161 1634 2199 έπ-

360 2222 556 2271 ανειπεῖν,
579 2223 621 2263 &
641 2221 894 2274 ἑπικιιρυττειν
918 2218 1087 2273 ἀργύριόν
1108 2233 1192 2259 τινι.
1226 2216 1300 2257 Sed
1326 2215 1382 2256 est
1406 2215 1505 2255 inter
1539 2214 1634 2255 haec

360 2275 573 2317 discrimen.
594 2275 693 2316 Nam
717 2276 757 2314 in
776 2274 844 2315 illo
869 2273 1021 2314 dativus
1045 2271 1210 2312 refertur
1230 2270 1276 2310 ad
1301 2282 1411 2317 eum,
1437 2269 1502 2310 cui
1526 2281 1636 2323 prae-

362 2331 485 2371 mium
506 2330 771 2384 promittitur3
790 2329 829 2367 in
851 2327 951 2375 hoc,
973 2326 1022 2366 ad
1044 2339 1136 2366 eum
1151 2355 1164 2372 ,
1192 2325 1231 2364 in
1253 2323 1363 2365 cuius
1383 2336 1429 2364 ca
1459 2333 1501 2362 ut
1520 2335 1634 2376 pecu-

364 2386 428 2425 nia
449 2383 632 2424 statuitur.
658 2395 746 2422 nam
768 2381 942 2422 usitatius
966 2379 1020 2420 est
1048 2379 1095 2419 de
1114 2378 1185 2419 hac
1209 2390 1251 2418 re
1275 2337 1511 2430 ἐπικηρύξαι.
1536 2376 1635 2416 Vide

364 2438 621 2480 Ammonium
641 2437 679 2478 in
695 2434 916 2491 ἐπικηρύξαι
925 2464 940 2487 ,
959 2434 1002 2476 &
1019 2432 1219 2477 valesium
1240 2430 1288 2473 ad
1305 2431 1430 2473 Notas
1450 2428 1635 2472 Mauffaci
