<?xml version="1.0" encoding="UTF-8"?>
<!DOCTYPE html PUBLIC "-//W3C//DTD XHTML 1.0 Transitional//EN"
    "http://www.w3.org/TR/xhtml1/DTD/xhtml1-transitional.dtd">
<html xmlns="http://www.w3.org/1999/xhtml" xml:lang="en" lang="en">
 <head>
  <title>
</title>
<meta http-equiv="Content-Type" content="text/html;charset=utf-8" />
  <meta name='ocr-system' content='tesseract 3.04.00' />
  <meta name='ocr-capabilities' content='ocr_page ocr_carea ocr_par ocr_line ocrx_word'/>
</head>
<body>
  <div class='ocr_page' id='page_1' title='image "./debellopeloponn04thucuoft_0498.png"; bbox 0 0 1754 3120; ppageno 0'>
   <div class='ocr_carea' id='block_1_1' title="bbox 355 156 1434 218">
    <p class='ocr_par' dir='ltr' id='par_1_1' title="bbox 355 156 1434 218">
     <span class='ocr_line' id='line_1_1' title="bbox 355 156 1434 218; baseline 0 -12"><span class='ocrx_word' id='word_1_1' title='bbox 355 156 450 218; x_wconf 82' lang='lat'><strong>·488</strong></span> <span class='ocrx_word' id='word_1_2' title='bbox 563 157 1434 206; x_wconf 78' lang='lat' dir='ltr'><strong>ANNOTATIONES</strong></span> 
     </span>
    </p>
   </div>
   <div class='ocr_carea' id='block_1_2' title="bbox 355 242 1628 460">
    <p class='ocr_par' dir='ltr' id='par_1_2' title="bbox 355 242 1628 460">
     <span class='ocr_line' id='line_1_2' title="bbox 355 242 1627 299; baseline 0.005 -17"><span class='ocrx_word' id='word_1_3' title='bbox 355 256 453 283; x_wconf 89' lang='lat' dir='ltr'>mer.</span> <span class='ocrx_word' id='word_1_4' title='bbox 472 242 515 283; x_wconf 90' lang='lat'>11.</span> <span class='ocrx_word' id='word_1_5' title='bbox 542 243 593 292; x_wconf 88' lang='grc' dir='ltr'>λ’,</span> <span class='ocrx_word' id='word_1_6' title='bbox 612 257 697 298; x_wconf 86' lang='lat' dir='ltr'>pag.</span> <span class='ocrx_word' id='word_1_7' title='bbox 719 244 791 299; x_wconf 85' lang='lat'>831</span> <span class='ocrx_word' id='word_1_8' title='bbox 809 274 821 292; x_wconf 85' lang='lat'>‚</span> <span class='ocrx_word' id='word_1_9' title='bbox 842 244 887 284; x_wconf 92' lang='lat' dir='ltr'>Il.</span> <span class='ocrx_word' id='word_1_10' title='bbox 912 244 956 296; x_wconf 70' lang='grc' dir='ltr'>ς’,</span> <span class='ocrx_word' id='word_1_11' title='bbox 977 257 1073 285; x_wconf 88' lang='lat'><em>1101</em></span> <span class='ocrx_word' id='word_1_12' title='bbox 1091 276 1104 295; x_wconf 92' lang='lat'><strong>,</strong></span> <span class='ocrx_word' id='word_1_13' title='bbox 1124 245 1167 286; x_wconf 86' lang='lat'>&amp;</span> <span class='ocrx_word' id='word_1_14' title='bbox 1185 245 1230 285; x_wconf 85' lang='grc' dir='ltr'>ΙΙ.</span> <span class='ocrx_word' id='word_1_15' title='bbox 1252 245 1301 293; x_wconf 72' lang='grc' dir='ltr'>α’,</span> <span class='ocrx_word' id='word_1_16' title='bbox 1330 246 1440 287; x_wconf 84' lang='lat'><em>1166.</em></span> <span class='ocrx_word' id='word_1_17' title='bbox 1464 246 1542 288; x_wconf 88' lang='lat' dir='ltr'>Pro</span> <span class='ocrx_word' id='word_1_18' title='bbox 1564 246 1627 288; x_wconf 69' lang='grc' dir='ltr'>ὅτέ</span> 
     </span>
     <span class='ocr_line' id='line_1_3' title="bbox 357 296 1628 352; baseline 0.005 -16"><span class='ocrx_word' id='word_1_19' title='bbox 357 296 405 336; x_wconf 59' lang='grc' dir='ltr'>Σὲ</span> <span class='ocrx_word' id='word_1_20' title='bbox 425 298 623 338; x_wconf 89' lang='lat' dir='ltr'>Homerus</span> <span class='ocrx_word' id='word_1_21' title='bbox 639 298 683 338; x_wconf 92' lang='lat' dir='ltr'>Il.</span> <span class='ocrx_word' id='word_1_22' title='bbox 704 298 752 348; x_wconf 89' lang='grc' dir='ltr'>λ’,</span> <span class='ocrx_word' id='word_1_23' title='bbox 777 299 853 352; x_wconf 84' lang='lat'>65,</span> <span class='ocrx_word' id='word_1_24' title='bbox 875 299 918 338; x_wconf 69' lang='grc' dir='ltr'>δι</span> <span class='ocrx_word' id='word_1_25' title='bbox 938 298 981 338; x_wconf 88' lang='lat'>11.</span> <span class='ocrx_word' id='word_1_26' title='bbox 1004 298 1052 345; x_wconf 72' lang='lat' dir='ltr'>d,</span> <span class='ocrx_word' id='word_1_27' title='bbox 1074 301 1152 339; x_wconf 88' lang='lat'>602</span> <span class='ocrx_word' id='word_1_28' title='bbox 1167 330 1180 348; x_wconf 93' lang='lat'>‚</span> <span class='ocrx_word' id='word_1_29' title='bbox 1204 300 1318 340; x_wconf 89' lang='lat' dir='ltr'>etiam</span> <span class='ocrx_word' id='word_1_30' title='bbox 1338 312 1480 340; x_wconf 69' lang='grc' dir='ltr'><strong><em>αλλοτε</em></strong></span> <span class='ocrx_word' id='word_1_31' title='bbox 1504 301 1550 341; x_wconf 53' lang='grc' dir='ltr'>δὲ</span> <span class='ocrx_word' id='word_1_32' title='bbox 1571 302 1628 342; x_wconf 84' lang='lat' dir='ltr'>di-</span> 
     </span>
     <span class='ocr_line' id='line_1_4' title="bbox 359 350 1628 406; baseline 0.006 -16"><span class='ocrx_word' id='word_1_33' title='bbox 359 352 427 391; x_wconf 88' lang='lat' dir='ltr'>cit.</span> <span class='ocrx_word' id='word_1_34' title='bbox 449 353 498 391; x_wconf 90' lang='lat' dir='ltr'>Et</span> <span class='ocrx_word' id='word_1_35' title='bbox 517 352 748 393; x_wconf 84' lang='lat' dir='ltr'>Theocritus</span> <span class='ocrx_word' id='word_1_36' title='bbox 767 351 807 399; x_wconf 80' lang='lat' dir='ltr'>l,</span> <span class='ocrx_word' id='word_1_37' title='bbox 831 366 876 406; x_wconf 86' lang='lat'>35</span> <span class='ocrx_word' id='word_1_38' title='bbox 901 352 1049 394; x_wconf 82' lang='lat' dir='ltr'>Dorice</span> <span class='ocrx_word' id='word_1_39' title='bbox 1065 350 1218 392; x_wconf 76' lang='grc' dir='ltr'><strong><em>ἄλλοκοι</em></strong></span> <span class='ocrx_word' id='word_1_40' title='bbox 1237 352 1297 394; x_wconf 61' lang='grc' dir='ltr'>ὃέ.</span> <span class='ocrx_word' id='word_1_41' title='bbox 1316 354 1407 394; x_wconf 89' lang='lat' dir='ltr'>Vid.</span> <span class='ocrx_word' id='word_1_42' title='bbox 1425 355 1628 397; x_wconf 87' lang='lat' dir='ltr'>Heinfium</span> 
     </span>
     <span class='ocr_line' id='line_1_5' title="bbox 360 404 888 460; baseline 0 -15"><span class='ocrx_word' id='word_1_43' title='bbox 360 404 534 446; x_wconf 70' lang='lat' dir='ltr'>Lefflon.</span> <span class='ocrx_word' id='word_1_44' title='bbox 554 407 721 447; x_wconf 84' lang='lat' dir='ltr'>Theocr.</span> <span class='ocrx_word' id='word_1_45' title='bbox 742 419 827 460; x_wconf 88' lang='lat' dir='ltr'>cap.</span> <span class='ocrx_word' id='word_1_46' title='bbox 852 421 888 446; x_wconf 90' lang='lat'>2.</span> 
     </span>
    </p>
   </div>
   <div class='ocr_carea' id='block_1_3' title="bbox 358 465 1632 961">
    <p class='ocr_par' dir='ltr' id='par_1_3' title="bbox 358 465 1632 848">
     <span class='ocr_line' id='line_1_6' title="bbox 413 465 1631 523; baseline 0.005 -18"><span class='ocrx_word' id='word_1_47' title='bbox 413 471 488 506; x_wconf 84' lang='lat' dir='ltr'>ead.</span> <span class='ocrx_word' id='word_1_48' title='bbox 513 469 537 507; x_wconf 92' lang='lat' dir='ltr'>l.</span> <span class='ocrx_word' id='word_1_49' title='bbox 563 482 577 506; x_wconf 91' lang='lat'><em>1</em></span> <span class='ocrx_word' id='word_1_50' title='bbox 590 483 622 522; x_wconf 83' lang='lat'>3.</span> <span class='ocrx_word' id='word_1_51' title='bbox 642 465 929 521; x_wconf 75' lang='grc' dir='ltr'><strong><em>Ἀπεχωλοῦντο</em></strong></span> <span class='ocrx_word' id='word_1_52' title='bbox 954 490 1000 497; x_wconf 93' lang='grc'><strong>-</strong></span> <span class='ocrx_word' id='word_1_53' title='bbox 1018 466 1361 523; x_wconf 74' lang='grc' dir='ltr'><strong><em>τοιλοιιπωροῢντες)</em></strong></span> <span class='ocrx_word' id='word_1_54' title='bbox 1379 469 1513 512; x_wconf 80' lang='lat' dir='ltr'>Suidas</span> <span class='ocrx_word' id='word_1_55' title='bbox 1530 472 1631 512; x_wconf 73' lang='grc' dir='ltr'>ἀπο-</span> 
     </span>
     <span class='ocr_line' id='line_1_7' title="bbox 359 520 1627 578; baseline 0.005 -19"><span class='ocrx_word' id='word_1_56' title='bbox 359 522 477 572; x_wconf 86' lang='grc' dir='ltr'><strong><em>κρότῳ</em></strong></span> <span class='ocrx_word' id='word_1_57' title='bbox 496 521 662 575; x_wconf 79' lang='lat' dir='ltr'>explicat</span> <span class='ocrx_word' id='word_1_58' title='bbox 683 520 862 575; x_wconf 67' lang='grc' dir='ltr'>τραχείᾳ.</span> <span class='ocrx_word' id='word_1_59' title='bbox 885 520 1054 574; x_wconf 83' lang='lat' dir='ltr'>Hesych.</span> <span class='ocrx_word' id='word_1_60' title='bbox 1077 520 1304 574; x_wconf 75' lang='grc' dir='ltr'><strong><em>ἀπόκροτον,</em></strong></span> <span class='ocrx_word' id='word_1_61' title='bbox 1323 526 1487 578; x_wconf 65' lang='grc' dir='ltr'><strong><em>σκληρόν.</em></strong></span> <span class='ocrx_word' id='word_1_62' title='bbox 1510 524 1627 567; x_wconf 89' lang='lat' dir='ltr'>Glos-</span> 
     </span>
     <span class='ocr_line' id='line_1_8' title="bbox 360 573 1626 630; baseline 0.005 -17"><span class='ocrx_word' id='word_1_63' title='bbox 360 573 449 621; x_wconf 85' lang='lat' dir='ltr'>sae,</span> <span class='ocrx_word' id='word_1_64' title='bbox 473 575 614 628; x_wconf 67' lang='lat' dir='ltr'>rigidus.</span> <span class='ocrx_word' id='word_1_65' title='bbox 650 576 766 615; x_wconf 84' lang='lat' dir='ltr'>Hunc</span> <span class='ocrx_word' id='word_1_66' title='bbox 795 574 926 616; x_wconf 88' lang='lat' dir='ltr'>locum</span> <span class='ocrx_word' id='word_1_67' title='bbox 958 574 1108 630; x_wconf 83' lang='lat' dir='ltr'>respicit</span> <span class='ocrx_word' id='word_1_68' title='bbox 1141 577 1256 616; x_wconf 81' lang='lat' dir='ltr'>etiam</span> <span class='ocrx_word' id='word_1_69' title='bbox 1284 576 1423 617; x_wconf 83' lang='lat' dir='ltr'>Pollux</span> <span class='ocrx_word' id='word_1_70' title='bbox 1447 577 1490 626; x_wconf 83' lang='lat'>1,</span> <span class='ocrx_word' id='word_1_71' title='bbox 1526 579 1626 628; x_wconf 83' lang='lat'><em>186,</em></span> 
     </span>
     <span class='ocr_line' id='line_1_9' title="bbox 358 627 1628 683; baseline 0.006 -17"><span class='ocrx_word' id='word_1_72' title='bbox 358 628 482 681; x_wconf 68' lang='grc' dir='ltr'><strong><em>Χωρίιι</em></strong></span> <span class='ocrx_word' id='word_1_73' title='bbox 506 629 690 682; x_wconf 60' lang='grc' dir='ltr'>τραχέσι,</span> <span class='ocrx_word' id='word_1_74' title='bbox 716 628 843 669; x_wconf 76' lang='grc' dir='ltr'><strong><em>εὕλιθοι</em></strong></span> <span class='ocrx_word' id='word_1_75' title='bbox 858 658 870 675; x_wconf 88' lang='grc'><em>,</em></span> <span class='ocrx_word' id='word_1_76' title='bbox 891 630 1025 682; x_wconf 75' lang='grc' dir='ltr'>ὂρεινὲι,</span> <span class='ocrx_word' id='word_1_77' title='bbox 1051 627 1258 683; x_wconf 77' lang='grc' dir='ltr'><strong><em>ἀπόκροτοι.</em></strong></span> <span class='ocrx_word' id='word_1_78' title='bbox 1279 629 1389 671; x_wconf 82' lang='lat' dir='ltr'>Philo</span> <span class='ocrx_word' id='word_1_79' title='bbox 1407 630 1466 672; x_wconf 89' lang='lat' dir='ltr'>III</span> <span class='ocrx_word' id='word_1_80' title='bbox 1487 632 1535 672; x_wconf 86' lang='lat' dir='ltr'>de</span> <span class='ocrx_word' id='word_1_81' title='bbox 1554 633 1628 673; x_wconf 85' lang='lat' dir='ltr'>Vi-</span> 
     </span>
     <span class='ocr_line' id='line_1_10' title="bbox 359 681 1624 747; baseline 0.005 -26"><span class='ocrx_word' id='word_1_82' title='bbox 359 692 400 721; x_wconf 85' lang='lat' dir='ltr'>ta</span> <span class='ocrx_word' id='word_1_83' title='bbox 415 681 538 732; x_wconf 67' lang='lat' dir='ltr'>Mofis</span> <span class='ocrx_word' id='word_1_84' title='bbox 552 682 680 724; x_wconf 74' lang='grc' dir='ltr'><strong><em>λιθίνην</em></strong></span> <span class='ocrx_word' id='word_1_85' title='bbox 699 683 765 723; x_wconf 68' lang='grc' dir='ltr'>καὶ</span> <span class='ocrx_word' id='word_1_86' title='bbox 782 683 1073 736; x_wconf 75' lang='lat' dir='ltr'>’AHOKPOTON</span> <span class='ocrx_word' id='word_1_87' title='bbox 1086 682 1226 736; x_wconf 59' lang='grc' dir='ltr'><strong><em>,ψυχὴν</em></strong></span> <span class='ocrx_word' id='word_1_88' title='bbox 1244 683 1367 737; x_wconf 81' lang='grc' dir='ltr'><strong><em>ἔχειν.</em></strong></span> <span class='ocrx_word' id='word_1_89' title='bbox 1386 684 1427 725; x_wconf 77' lang='grc' dir='ltr'>δι</span> <span class='ocrx_word' id='word_1_90' title='bbox 1440 685 1624 747; x_wconf 79' lang='lat' dir='ltr'>Xenoph.</span> 
     </span>
     <span class='ocr_line' id='line_1_11' title="bbox 361 735 1632 793; baseline 0.002 -18"><span class='ocrx_word' id='word_1_91' title='bbox 361 735 508 791; x_wconf 74' lang='lat' dir='ltr'>WASS.</span> <span class='ocrx_word' id='word_1_92' title='bbox 532 736 662 777; x_wconf 91' lang='lat' dir='ltr'>Schol.</span> <span class='ocrx_word' id='word_1_93' title='bbox 680 736 778 793; x_wconf 58' lang='lat' dir='ltr'>§aff-</span> <span class='ocrx_word' id='word_1_94' title='bbox 804 735 1019 791; x_wconf 68' lang='grc' dir='ltr'>καταξῆρῳ.</span> <span class='ocrx_word' id='word_1_95' title='bbox 1039 737 1262 778; x_wconf 83' lang='lat' dir='ltr'>Plutarchus</span> <span class='ocrx_word' id='word_1_96' title='bbox 1278 739 1324 778; x_wconf 90' lang='lat' dir='ltr'>de</span> <span class='ocrx_word' id='word_1_97' title='bbox 1344 738 1502 779; x_wconf 89' lang='lat' dir='ltr'>Educat.</span> <span class='ocrx_word' id='word_1_98' title='bbox 1520 738 1632 781; x_wconf 79' lang='lat' dir='ltr'>Libe.</span> 
     </span>
     <span class='ocr_line' id='line_1_12' title="bbox 360 790 1584 848; baseline 0.003 -19"><span class='ocrx_word' id='word_1_99' title='bbox 360 797 439 829; x_wconf 83' lang='lat' dir='ltr'>r&#39;or.</span> <span class='ocrx_word' id='word_1_100' title='bbox 460 803 547 844; x_wconf 84' lang='lat' dir='ltr'>pag.</span> <span class='ocrx_word' id='word_1_101' title='bbox 569 806 609 845; x_wconf 84' lang='lat'>3,</span> <span class='ocrx_word' id='word_1_102' title='bbox 634 790 842 844; x_wconf 54' lang='grc' dir='ltr'><strong><em>ἀπόκροτος</em></strong></span> <span class='ocrx_word' id='word_1_103' title='bbox 862 790 929 830; x_wconf 67' lang='grc' dir='ltr'>καὶ</span> <span class='ocrx_word' id='word_1_104' title='bbox 951 794 1176 846; x_wconf 60' lang='grc' dir='ltr'><strong><em>τραχυτέρα</em></strong></span> <span class='ocrx_word' id='word_1_105' title='bbox 1203 790 1271 831; x_wconf 82' lang='grc' dir='ltr'>τοῦ</span> <span class='ocrx_word' id='word_1_106' title='bbox 1294 791 1439 833; x_wconf 58' lang='grc' dir='ltr'><strong><em>θέοντος</em></strong></span> <span class='ocrx_word' id='word_1_107' title='bbox 1460 792 1584 848; x_wconf 67' lang='grc' dir='ltr'>(γῆ).</span> 
     </span>
    </p>

    <p class='ocr_par' dir='ltr' id='par_1_4' title="bbox 361 851 1630 961">
     <span class='ocr_line' id='line_1_13' title="bbox 415 851 1630 947; baseline 0.006 -58"><span class='ocrx_word' id='word_1_108' title='bbox 415 852 507 903; x_wconf 79' lang='lat' dir='ltr'>Pag.</span> <span class='ocrx_word' id='word_1_109' title='bbox 529 865 618 905; x_wconf 86' lang='lat'><em>215.</em></span> <span class='ocrx_word' id='word_1_110' title='bbox 635 854 660 892; x_wconf 88' lang='lat' dir='ltr'>l.</span> <span class='ocrx_word' id='word_1_111' title='bbox 683 866 717 906; x_wconf 88' lang='lat'>3.</span> <span class='ocrx_word' id='word_1_112' title='bbox 737 851 823 907; x_wconf 71' lang='grc' dir='ltr'>Περὶ</span> <span class='ocrx_word' id='word_1_113' title='bbox 841 852 1000 947; x_wconf 50' lang='grc' dir='ltr'>Σούνιὲρ</span> <span class='ocrx_word' id='word_1_114' title='bbox 1015 853 1076 894; x_wconf 91' lang='lat' dir='ltr'>Cl.</span> <span class='ocrx_word' id='word_1_115' title='bbox 1092 853 1183 893; x_wconf 79' lang='grc' dir='ltr'><strong><em>τότε</em></strong></span> <span class='ocrx_word' id='word_1_116' title='bbox 1197 854 1281 906; x_wconf 74' lang='grc' dir='ltr'>περὶ</span> <span class='ocrx_word' id='word_1_117' title='bbox 1298 854 1450 896; x_wconf 76' lang='grc' dir='ltr'><strong><em>Σούνιον.</em></strong></span> <span class='ocrx_word' id='word_1_118' title='bbox 1469 866 1509 895; x_wconf 87' lang='lat' dir='ltr'>at</span> <span class='ocrx_word' id='word_1_119' title='bbox 1524 868 1630 910; x_wconf 86' lang='lat' dir='ltr'>prae-</span> 
     </span>
     <span class='ocr_line' id='line_1_14' title="bbox 361 904 1418 961; baseline 0.003 -16"><span class='ocrx_word' id='word_1_120' title='bbox 361 904 469 946; x_wconf 88' lang='lat' dir='ltr'>ceffit</span> <span class='ocrx_word' id='word_1_121' title='bbox 489 907 681 961; x_wconf 81' lang='grc' dir='ltr'><strong><em>πρότερον,</em></strong></span> <span class='ocrx_word' id='word_1_122' title='bbox 702 907 743 947; x_wconf 80' lang='grc' dir='ltr'>δι</span> <span class='ocrx_word' id='word_1_123' title='bbox 760 907 860 947; x_wconf 85' lang='lat' dir='ltr'>infra</span> <span class='ocrx_word' id='word_1_124' title='bbox 884 906 945 947; x_wconf 93' lang='lat' dir='ltr'>Co</span> <span class='ocrx_word' id='word_1_125' title='bbox 997 938 1007 947; x_wconf 86' lang='lat'><strong>.</strong></span> <span class='ocrx_word' id='word_1_126' title='bbox 1027 906 1251 961; x_wconf 86' lang='lat' dir='ltr'>agnoscunt.</span> <span class='ocrx_word' id='word_1_127' title='bbox 1271 909 1418 949; x_wconf 76' lang='lat' dir='ltr'>WAss.</span> 
     </span>
    </p>
   </div>
   <div class='ocr_carea' id='block_1_4' title="bbox 358 965 1633 1260">
    <p class='ocr_par' dir='ltr' id='par_1_5' title="bbox 358 965 1633 1186">
     <span class='ocr_line' id='line_1_15' title="bbox 417 965 1632 1026; baseline 0.004 -18"><span class='ocrx_word' id='word_1_128' title='bbox 417 972 492 1009; x_wconf 84' lang='lat' dir='ltr'>ead.</span> <span class='ocrx_word' id='word_1_129' title='bbox 513 971 538 1009; x_wconf 88' lang='lat' dir='ltr'>l.</span> <span class='ocrx_word' id='word_1_130' title='bbox 562 984 595 1024; x_wconf 89' lang='lat'>5.</span> <span class='ocrx_word' id='word_1_131' title='bbox 619 969 715 1010; x_wconf 73' lang='grc' dir='ltr'>Ἀντὶ</span> <span class='ocrx_word' id='word_1_132' title='bbox 736 968 804 1009; x_wconf 76' lang='grc' dir='ltr'>τοῦ</span> <span class='ocrx_word' id='word_1_133' title='bbox 821 969 937 1011; x_wconf 87' lang='grc' dir='ltr'><strong><em>πόλις</em></strong></span> <span class='ocrx_word' id='word_1_134' title='bbox 958 965 1047 1011; x_wconf 66' lang='grc' dir='ltr'><strong><em>εἶναι</em></strong></span> <span class='ocrx_word' id='word_1_135' title='bbox 1067 968 1230 1023; x_wconf 80' lang='grc' dir='ltr'><strong><em>φρούριον</em></strong></span> <span class='ocrx_word' id='word_1_136' title='bbox 1250 970 1444 1026; x_wconf 66' lang='grc' dir='ltr'>κατέστη)</span> <span class='ocrx_word' id='word_1_137' title='bbox 1461 971 1524 1011; x_wconf 86' lang='lat' dir='ltr'>Ad</span> <span class='ocrx_word' id='word_1_138' title='bbox 1537 971 1632 1014; x_wconf 82' lang='lat' dir='ltr'>haec</span> 
     </span>
     <span class='ocr_line' id='line_1_16' title="bbox 358 1022 1633 1085; baseline 0.002 -22"><span class='ocrx_word' id='word_1_139' title='bbox 358 1024 483 1063; x_wconf 77' lang='lat' dir='ltr'>verba</span> <span class='ocrx_word' id='word_1_140' title='bbox 506 1024 547 1063; x_wconf 91' lang='lat' dir='ltr'>in</span> <span class='ocrx_word' id='word_1_141' title='bbox 570 1037 690 1077; x_wconf 83' lang='lat' dir='ltr'><strong>marg.</strong></span> <span class='ocrx_word' id='word_1_142' title='bbox 719 1022 818 1065; x_wconf 89' lang='lat' dir='ltr'>Cod.</span> <span class='ocrx_word' id='word_1_143' title='bbox 849 1023 948 1065; x_wconf 83' lang='lat' dir='ltr'>Caff.</span> <span class='ocrx_word' id='word_1_144' title='bbox 978 1023 1156 1085; x_wconf 77' lang='lat' dir='ltr'>adscripti</span> <span class='ocrx_word' id='word_1_145' title='bbox 1177 1034 1288 1064; x_wconf 87' lang='lat' dir='ltr'>erant</span> <span class='ocrx_word' id='word_1_146' title='bbox 1315 1023 1448 1066; x_wconf 90' lang='lat' dir='ltr'>versus</span> <span class='ocrx_word' id='word_1_147' title='bbox 1473 1025 1633 1079; x_wconf 82' lang='lat' dir='ltr'>Tragici</span> 
     </span>
     <span class='ocr_line' id='line_1_17' title="bbox 361 1076 1630 1133; baseline 0.003 -17"><span class='ocrx_word' id='word_1_148' title='bbox 361 1078 550 1125; x_wconf 81' lang='lat' dir='ltr'>alicuius,</span> <span class='ocrx_word' id='word_1_149' title='bbox 578 1087 622 1117; x_wconf 88' lang='lat' dir='ltr'>ut</span> <span class='ocrx_word' id='word_1_150' title='bbox 647 1089 767 1132; x_wconf 87' lang='lat' dir='ltr'>puto:</span> <span class='ocrx_word' id='word_1_151' title='bbox 793 1076 917 1131; x_wconf 69' lang='lat' dir='ltr'>Kq&#39;e&#39;ycb</span> <span class='ocrx_word' id='word_1_152' title='bbox 938 1093 983 1117; x_wconf 83' lang='grc' dir='ltr'>σε</span> <span class='ocrx_word' id='word_1_153' title='bbox 1003 1081 1118 1131; x_wconf 61' lang='lat' dir='ltr'><em>&amp;pmcn</em></span> <span class='ocrx_word' id='word_1_154' title='bbox 1144 1078 1211 1117; x_wconf 72' lang='grc' dir='ltr'>καὶ</span> <span class='ocrx_word' id='word_1_155' title='bbox 1231 1079 1470 1133; x_wconf 58' lang='grc' dir='ltr'><strong><em>κατοικτείρει»</em></strong></span> <span class='ocrx_word' id='word_1_156' title='bbox 1491 1079 1630 1129; x_wconf 76' lang='grc' dir='ltr'><strong><em>πόλις,</em></strong></span> 
     </span>
     <span class='ocr_line' id='line_1_18' title="bbox 361 1130 1281 1186; baseline 0.001 -16"><span class='ocrx_word' id='word_1_157' title='bbox 361 1131 435 1170; x_wconf 70' lang='grc' dir='ltr'>Καὶ</span> <span class='ocrx_word' id='word_1_158' title='bbox 458 1134 538 1184; x_wconf 60' lang='grc' dir='ltr'>’γὰρ</span> <span class='ocrx_word' id='word_1_159' title='bbox 563 1133 703 1186; x_wconf 66' lang='grc' dir='ltr'><strong><em>πατρὶς</em></strong></span> <span class='ocrx_word' id='word_1_160' title='bbox 725 1131 900 1181; x_wconf 71' lang='grc' dir='ltr'><strong><em>πέφυκας</em></strong></span> <span class='ocrx_word' id='word_1_161' title='bbox 919 1130 986 1173; x_wconf 65' lang='grc' dir='ltr'>τῆς</span> <span class='ocrx_word' id='word_1_162' title='bbox 1006 1130 1095 1182; x_wconf 65' lang='grc' dir='ltr'>ἐμῆς</span> <span class='ocrx_word' id='word_1_163' title='bbox 1117 1131 1281 1183; x_wconf 75' lang='grc' dir='ltr'><strong><em>φύτλιις.</em></strong></span> 
     </span>
    </p>

    <p class='ocr_par' dir='ltr' id='par_1_6' title="bbox 417 1189 1632 1260">
     <span class='ocr_line' id='line_1_19' title="bbox 417 1189 1632 1260; baseline 0.001 -26"><span class='ocrx_word' id='word_1_164' title='bbox 417 1197 492 1234; x_wconf 82' lang='lat' dir='ltr'>ead.</span> <span class='ocrx_word' id='word_1_165' title='bbox 522 1195 549 1234; x_wconf 94' lang='lat' dir='ltr'>l.</span> <span class='ocrx_word' id='word_1_166' title='bbox 567 1210 635 1235; x_wconf 67' lang='lat'>¹12.</span> <span class='ocrx_word' id='word_1_167' title='bbox 659 1198 706 1234; x_wconf 64' lang='lat' dir='ltr'>Tb</span> <span class='ocrx_word' id='word_1_168' title='bbox 731 1197 812 1260; x_wconf 59' lang='lat' dir='ltr'>‘fite</span> <span class='ocrx_word' id='word_1_169' title='bbox 839 1189 1005 1248; x_wconf 73' lang='grc' dir='ltr'>αὖτοὺς)</span> <span class='ocrx_word' id='word_1_170' title='bbox 1029 1193 1256 1235; x_wconf 82' lang='lat' dir='ltr'>Scholiastes</span> <span class='ocrx_word' id='word_1_171' title='bbox 1279 1205 1391 1248; x_wconf 84' lang='lat' dir='ltr'>putat</span> <span class='ocrx_word' id='word_1_172' title='bbox 1410 1193 1490 1235; x_wconf 64' lang='grc' dir='ltr'>ἄπο</span> <span class='ocrx_word' id='word_1_173' title='bbox 1514 1193 1632 1238; x_wconf 67' lang='grc' dir='ltr'><strong><em>κοινοῦ</em></strong></span> 
     </span>
    </p>
   </div>
   <div class='ocr_carea' id='block_1_5' title="bbox 357 1248 1729 1303">
    <p class='ocr_par' dir='ltr' id='par_1_7' title="bbox 357 1248 1729 1303">
     <span class='ocr_line' id='line_1_20' title="bbox 357 1248 1729 1303; baseline 0.001 -15"><span class='ocrx_word' id='word_1_174' title='bbox 357 1249 608 1303; x_wconf 87' lang='lat' dir='ltr'>repetendum</span> <span class='ocrx_word' id='word_1_175' title='bbox 635 1249 709 1290; x_wconf 85' lang='lat' dir='ltr'>effe</span> <span class='ocrx_word' id='word_1_176' title='bbox 729 1248 940 1289; x_wconf 79' lang='grc' dir='ltr'><strong><em>ηπίστιισεν</em></strong></span> <span class='ocrx_word' id='word_1_177' title='bbox 961 1263 1006 1288; x_wconf 74' lang='lat' dir='ltr'>ow</span> <span class='ocrx_word' id='word_1_178' title='bbox 1026 1263 1108 1296; x_wconf 82' lang='grc' dir='ltr'><strong><em>τις,</em></strong></span> <span class='ocrx_word' id='word_1_179' title='bbox 1131 1248 1174 1288; x_wconf 87' lang='lat'>&amp;</span> <span class='ocrx_word' id='word_1_180' title='bbox 1194 1248 1282 1288; x_wconf 89' lang='lat' dir='ltr'>inde</span> <span class='ocrx_word' id='word_1_181' title='bbox 1305 1249 1468 1302; x_wconf 87' lang='lat' dir='ltr'>pendere</span> <span class='ocrx_word' id='word_1_182' title='bbox 1499 1249 1631 1291; x_wconf 85' lang='lat' dir='ltr'>infini-</span> <span class='ocrx_word' id='word_1_183' title='bbox 1678 1275 1680 1277; x_wconf 59' lang='lat'>&gt;</span> <span class='ocrx_word' id='word_1_184' title='bbox 1728 1251 1729 1254; x_wconf 74' lang='grc'>’</span> 
     </span>
    </p>
   </div>
   <div class='ocr_carea' id='block_1_6' title="bbox 361 1301 1632 1465">
    <p class='ocr_par' dir='ltr' id='par_1_8' title="bbox 361 1301 1632 1465">
     <span class='ocr_line' id='line_1_21' title="bbox 361 1301 1630 1357; baseline 0.002 -15"><span class='ocrx_word' id='word_1_185' title='bbox 361 1303 468 1343; x_wconf 85' lang='lat' dir='ltr'>tivos</span> <span class='ocrx_word' id='word_1_186' title='bbox 493 1303 705 1357; x_wconf 79' lang='lat' dir='ltr'><strong>sequentes.</strong></span> <span class='ocrx_word' id='word_1_187' title='bbox 739 1303 838 1343; x_wconf 89' lang='lat' dir='ltr'>Eum</span> <span class='ocrx_word' id='word_1_188' title='bbox 863 1301 1016 1343; x_wconf 88' lang='lat' dir='ltr'>secutus</span> <span class='ocrx_word' id='word_1_189' title='bbox 1041 1302 1183 1343; x_wconf 86' lang='lat' dir='ltr'>Portus</span> <span class='ocrx_word' id='word_1_190' title='bbox 1210 1301 1456 1356; x_wconf 83' lang='lat' dir='ltr'>suppleverat</span> <span class='ocrx_word' id='word_1_191' title='bbox 1479 1303 1630 1356; x_wconf 63' lang='lat' dir='ltr'>profeblo</span> 
     </span>
     <span class='ocr_line' id='line_1_22' title="bbox 363 1356 1632 1412; baseline 0 -14"><span class='ocrx_word' id='word_1_192' title='bbox 363 1358 482 1398; x_wconf 82' lang='lat' dir='ltr'>nullus</span> <span class='ocrx_word' id='word_1_193' title='bbox 503 1358 697 1412; x_wconf 67' lang='lat' dir='ltr'>creAEdiffet.</span> <span class='ocrx_word' id='word_1_194' title='bbox 723 1357 808 1397; x_wconf 90' lang='lat' dir='ltr'>Nec</span> <span class='ocrx_word' id='word_1_195' title='bbox 828 1356 969 1405; x_wconf 90' lang='lat' dir='ltr'>video,</span> <span class='ocrx_word' id='word_1_196' title='bbox 991 1356 1194 1410; x_wconf 89' lang='lat' dir='ltr'>quomodo</span> <span class='ocrx_word' id='word_1_197' title='bbox 1221 1356 1329 1397; x_wconf 85' lang='lat' dir='ltr'>aliter</span> <span class='ocrx_word' id='word_1_198' title='bbox 1356 1356 1493 1398; x_wconf 89' lang='lat' dir='ltr'>evolvi</span> <span class='ocrx_word' id='word_1_199' title='bbox 1516 1357 1632 1412; x_wconf 86' lang='lat' dir='ltr'>poffit</span> 
     </span>
     <span class='ocr_line' id='line_1_23' title="bbox 363 1410 1085 1465; baseline 0 -15"><span class='ocrx_word' id='word_1_200' title='bbox 363 1411 552 1451; x_wconf 63' lang='lat' dir='ltr'>structura</span> <span class='ocrx_word' id='word_1_201' title='bbox 577 1410 759 1452; x_wconf 88' lang='lat' dir='ltr'>molestae</span> <span class='ocrx_word' id='word_1_202' title='bbox 781 1411 898 1452; x_wconf 89' lang='lat' dir='ltr'>huius</span> <span class='ocrx_word' id='word_1_203' title='bbox 922 1410 1085 1465; x_wconf 84' lang='lat' dir='ltr'>periodi.</span> 
     </span>
    </p>
   </div>
   <div class='ocr_carea' id='block_1_7' title="bbox 361 1470 1632 1622">
    <p class='ocr_par' dir='ltr' id='par_1_9' title="bbox 361 1470 1632 1622">
     <span class='ocr_line' id='line_1_24' title="bbox 419 1470 1629 1527; baseline 0.001 -15"><span class='ocrx_word' id='word_1_204' title='bbox 419 1474 511 1527; x_wconf 85' lang='lat' dir='ltr'><em>Pag.</em></span> <span class='ocrx_word' id='word_1_205' title='bbox 536 1474 624 1513; x_wconf 89' lang='lat'><em>216.</em></span> <span class='ocrx_word' id='word_1_206' title='bbox 644 1474 668 1513; x_wconf 90' lang='lat' dir='ltr'>l.</span> <span class='ocrx_word' id='word_1_207' title='bbox 692 1488 726 1514; x_wconf 83' lang='lat'>2.</span> <span class='ocrx_word' id='word_1_208' title='bbox 749 1474 816 1513; x_wconf 60' lang='lat' dir='ltr'>Tbv</span> <span class='ocrx_word' id='word_1_209' title='bbox 833 1471 1080 1526; x_wconf 72' lang='grc' dir='ltr'><strong><em>παράλογον)</em></strong></span> <span class='ocrx_word' id='word_1_210' title='bbox 1099 1470 1320 1525; x_wconf 51' lang='lat' dir='ltr'>&#39;Apo-emas.</span> <span class='ocrx_word' id='word_1_211' title='bbox 1333 1471 1436 1512; x_wconf 85' lang='lat' dir='ltr'>&#39;Vide</span> <span class='ocrx_word' id='word_1_212' title='bbox 1458 1471 1629 1513; x_wconf 77' lang='lat' dir='ltr'>Scholia·</span> 
     </span>
     <span class='ocr_line' id='line_1_25' title="bbox 361 1525 1632 1581; baseline 0.001 -14"><span class='ocrx_word' id='word_1_213' title='bbox 361 1526 442 1566; x_wconf 83' lang='lat' dir='ltr'>sten</span> <span class='ocrx_word' id='word_1_214' title='bbox 467 1527 629 1567; x_wconf 88' lang='lat' dir='ltr'>Luciani</span> <span class='ocrx_word' id='word_1_215' title='bbox 654 1540 742 1581; x_wconf 77' lang='lat' dir='ltr'>pag.</span> <span class='ocrx_word' id='word_1_216' title='bbox 770 1541 788 1581; x_wconf 83' lang='lat'><em>3</em></span> <span class='ocrx_word' id='word_1_217' title='bbox 832 1557 844 1576; x_wconf 90' lang='lat'>,</span> <span class='ocrx_word' id='word_1_218' title='bbox 865 1525 1063 1567; x_wconf 86' lang='lat' dir='ltr'>Pollucem</span> <span class='ocrx_word' id='word_1_219' title='bbox 1090 1525 1132 1566; x_wconf 86' lang='lat'>&amp;</span> <span class='ocrx_word' id='word_1_220' title='bbox 1155 1526 1351 1567; x_wconf 85' lang='lat' dir='ltr'>Thomam</span> <span class='ocrx_word' id='word_1_221' title='bbox 1377 1526 1530 1580; x_wconf 84' lang='lat' dir='ltr'>Magist.</span> <span class='ocrx_word' id='word_1_222' title='bbox 1553 1527 1632 1568; x_wconf 87' lang='lat' dir='ltr'>Pro</span> 
     </span>
     <span class='ocr_line' id='line_1_26' title="bbox 361 1579 1631 1622; baseline -0.001 -1"><span class='ocrx_word' id='word_1_223' title='bbox 361 1581 558 1622; x_wconf 66' lang='grc' dir='ltr'>ἐλάσσονα</span> <span class='ocrx_word' id='word_1_224' title='bbox 580 1594 668 1622; x_wconf 91' lang='lat' dir='ltr'>cum</span> <span class='ocrx_word' id='word_1_225' title='bbox 691 1581 793 1622; x_wconf 89' lang='lat' dir='ltr'>Scho</span> <span class='ocrx_word' id='word_1_226' title='bbox 808 1579 895 1621; x_wconf 87' lang='lat' dir='ltr'>iaste</span> <span class='ocrx_word' id='word_1_227' title='bbox 925 1579 1076 1621; x_wconf 86' lang='lat' dir='ltr'>mallem</span> <span class='ocrx_word' id='word_1_228' title='bbox 1104 1580 1270 1620; x_wconf 73' lang='grc' dir='ltr'><strong><em>ἐλάσσω.</em></strong></span> <span class='ocrx_word' id='word_1_229' title='bbox 1293 1581 1440 1621; x_wconf 78' lang='lat' dir='ltr'>WAss.</span> <span class='ocrx_word' id='word_1_230' title='bbox 1463 1579 1527 1620; x_wconf 89' lang='lat' dir='ltr'>De</span> <span class='ocrx_word' id='word_1_231' title='bbox 1549 1595 1631 1621; x_wconf 75' lang='grc' dir='ltr'><strong><em>ποι-</em></strong></span> 
     </span>
    </p>
   </div>
   <div class='ocr_carea' id='block_1_8' title="bbox 361 1633 1722 1690">
    <p class='ocr_par' dir='ltr' id='par_1_10' title="bbox 361 1633 1722 1690">
     <span class='ocr_line' id='line_1_27' title="bbox 361 1633 1722 1690; baseline 0.001 -16"><span class='ocrx_word' id='word_1_232' title='bbox 361 1634 526 1690; x_wconf 69' lang='grc' dir='ltr'>ρέιλογος</span> <span class='ocrx_word' id='word_1_233' title='bbox 540 1634 694 1675; x_wconf 89' lang='lat' dir='ltr'>mascul.</span> <span class='ocrx_word' id='word_1_234' title='bbox 713 1647 852 1689; x_wconf 83' lang='lat' dir='ltr'>genere</span> <span class='ocrx_word' id='word_1_235' title='bbox 866 1633 921 1675; x_wconf 89' lang='lat' dir='ltr'>est</span> <span class='ocrx_word' id='word_1_236' title='bbox 937 1634 1040 1681; x_wconf 89' lang='lat' dir='ltr'>adl,</span> <span class='ocrx_word' id='word_1_237' title='bbox 1059 1633 1110 1684; x_wconf 91' lang='lat'>78</span> <span class='ocrx_word' id='word_1_238' title='bbox 1124 1664 1136 1681; x_wconf 88' lang='lat'>‚</span> <span class='ocrx_word' id='word_1_239' title='bbox 1155 1634 1197 1674; x_wconf 79' lang='grc' dir='ltr'>δι</span> <span class='ocrx_word' id='word_1_240' title='bbox 1217 1633 1274 1682; x_wconf 90' lang='lat'>11,</span> <span class='ocrx_word' id='word_1_241' title='bbox 1293 1633 1356 1685; x_wconf 82' lang='lat'>85.</span> <span class='ocrx_word' id='word_1_242' title='bbox 1377 1634 1423 1674; x_wconf 87' lang='lat' dir='ltr'>In</span> <span class='ocrx_word' id='word_1_243' title='bbox 1436 1633 1633 1676; x_wconf 84' lang='lat' dir='ltr'>Scholiast.</span> <span class='ocrx_word' id='word_1_244' title='bbox 1713 1636 1722 1646; x_wconf 75' lang='lat'>⁸</span> 
     </span>
    </p>
   </div>
   <div class='ocr_carea' id='block_1_9' title="bbox 361 1687 1638 1906">
    <p class='ocr_par' dir='ltr' id='par_1_11' title="bbox 362 1687 1470 1754">
     <span class='ocr_line' id='line_1_28' title="bbox 362 1687 1470 1754; baseline -0.001 -25"><span class='ocrx_word' id='word_1_245' title='bbox 362 1689 466 1729; x_wconf 92' lang='lat' dir='ltr'>Cod.</span> <span class='ocrx_word' id='word_1_246' title='bbox 485 1689 584 1730; x_wconf 81' lang='lat' dir='ltr'>Caff.</span> <span class='ocrx_word' id='word_1_247' title='bbox 604 1689 667 1729; x_wconf 87' lang='lat' dir='ltr'>hic</span> <span class='ocrx_word' id='word_1_248' title='bbox 686 1702 767 1730; x_wconf 88' lang='lat' dir='ltr'>non</span> <span class='ocrx_word' id='word_1_249' title='bbox 785 1699 969 1728; x_wconf 87' lang='lat' dir='ltr'>annotata</span> <span class='ocrx_word' id='word_1_250' title='bbox 989 1687 1043 1728; x_wconf 91' lang='lat' dir='ltr'>est</span> <span class='ocrx_word' id='word_1_251' title='bbox 1066 1688 1231 1728; x_wconf 85' lang='lat' dir='ltr'>varietas</span> <span class='ocrx_word' id='word_1_252' title='bbox 1248 1687 1470 1754; x_wconf 75' lang='lat' dir='ltr'>scripturae.</span> 
     </span>
    </p>

    <p class='ocr_par' dir='ltr' id='par_1_12' title="bbox 361 1740 1638 1906">
     <span class='ocr_line' id='line_1_29' title="bbox 419 1740 1631 1796; baseline 0.002 -15"><span class='ocrx_word' id='word_1_253' title='bbox 419 1746 495 1783; x_wconf 74' lang='lat' dir='ltr'>ead-</span> <span class='ocrx_word' id='word_1_254' title='bbox 520 1745 543 1783; x_wconf 92' lang='lat' dir='ltr'>l.</span> <span class='ocrx_word' id='word_1_255' title='bbox 565 1744 603 1784; x_wconf 91' lang='lat'>6.</span> <span class='ocrx_word' id='word_1_256' title='bbox 626 1742 842 1796; x_wconf 80' lang='grc' dir='ltr'><strong><em>Περιοίσειν)</em></strong></span> <span class='ocrx_word' id='word_1_257' title='bbox 862 1742 905 1782; x_wconf 93' lang='lat' dir='ltr'>Id</span> <span class='ocrx_word' id='word_1_258' title='bbox 918 1741 993 1791; x_wconf 86' lang='lat' dir='ltr'>est,</span> <span class='ocrx_word' id='word_1_259' title='bbox 1009 1743 1254 1796; x_wconf 61' lang='grc' dir='ltr'>περιέσεσθαι</span> <span class='ocrx_word' id='word_1_260' title='bbox 1269 1756 1334 1780; x_wconf 72' lang='lat' dir='ltr'>nou</span> <span class='ocrx_word' id='word_1_261' title='bbox 1353 1740 1520 1794; x_wconf 71' lang='grc' dir='ltr'><strong><em>ἀνθέξειν.</em></strong></span> <span class='ocrx_word' id='word_1_262' title='bbox 1538 1741 1631 1783; x_wconf 88' lang='lat' dir='ltr'>Sui-</span> 
     </span>
     <span class='ocr_line' id='line_1_30' title="bbox 363 1795 1634 1849; baseline -0.001 -11"><span class='ocrx_word' id='word_1_263' title='bbox 363 1796 432 1838; x_wconf 76' lang='lat' dir='ltr'>das</span> <span class='ocrx_word' id='word_1_264' title='bbox 453 1797 558 1839; x_wconf 90' lang='lat' dir='ltr'>hunc</span> <span class='ocrx_word' id='word_1_265' title='bbox 573 1797 704 1838; x_wconf 89' lang='lat' dir='ltr'>locum</span> <span class='ocrx_word' id='word_1_266' title='bbox 721 1797 888 1837; x_wconf 80' lang='lat' dir='ltr'>laudans.</span> <span class='ocrx_word' id='word_1_267' title='bbox 904 1795 1049 1837; x_wconf 86' lang='lat' dir='ltr'>Laudat</span> <span class='ocrx_word' id='word_1_268' title='bbox 1063 1809 1163 1836; x_wconf 85' lang='lat' dir='ltr'>vero</span> <span class='ocrx_word' id='word_1_269' title='bbox 1178 1796 1344 1849; x_wconf 85' lang='lat' dir='ltr'>primum</span> <span class='ocrx_word' id='word_1_270' title='bbox 1360 1796 1398 1835; x_wconf 88' lang='lat' dir='ltr'>in</span> <span class='ocrx_word' id='word_1_271' title='bbox 1419 1795 1634 1849; x_wconf 72' lang='grc' dir='ltr'><strong><em>περιοίσειν,</em></strong></span> 
     </span>
     <span class='ocr_line' id='line_1_31' title="bbox 361 1848 1638 1906; baseline 0 -15"><span class='ocrx_word' id='word_1_272' title='bbox 361 1852 499 1892; x_wconf 85' lang='lat' dir='ltr'>deinde</span> <span class='ocrx_word' id='word_1_273' title='bbox 518 1852 557 1892; x_wconf 91' lang='lat' dir='ltr'>in</span> <span class='ocrx_word' id='word_1_274' title='bbox 577 1849 681 1902; x_wconf 59' lang='grc' dir='ltr'>ψᾷν,</span> <span class='ocrx_word' id='word_1_275' title='bbox 699 1851 790 1892; x_wconf 92' lang='lat' dir='ltr'>loco</span> <span class='ocrx_word' id='word_1_276' title='bbox 813 1851 928 1906; x_wconf 88' lang='lat' dir='ltr'>plane</span> <span class='ocrx_word' id='word_1_277' title='bbox 950 1850 1076 1891; x_wconf 88' lang='lat' dir='ltr'>alieno</span> <span class='ocrx_word' id='word_1_278' title='bbox 1088 1882 1100 1900; x_wconf 92' lang='lat'>‚</span> <span class='ocrx_word' id='word_1_279' title='bbox 1119 1862 1163 1890; x_wconf 92' lang='lat' dir='ltr'>ut</span> <span class='ocrx_word' id='word_1_280' title='bbox 1183 1849 1235 1890; x_wconf 84' lang='lat' dir='ltr'>ibi</span> <span class='ocrx_word' id='word_1_281' title='bbox 1254 1853 1415 1890; x_wconf 70' lang='lat' dir='ltr'>annotat</span> <span class='ocrx_word' id='word_1_282' title='bbox 1431 1848 1638 1892; x_wconf 76' lang='lat' dir='ltr'>Kusterus.</span> 
     </span>
    </p>
   </div>
   <div class='ocr_carea' id='block_1_10' title="bbox 361 1910 1634 2075">
    <p class='ocr_par' dir='ltr' id='par_1_13' title="bbox 361 1910 1634 2075">
     <span class='ocr_line' id='line_1_32' title="bbox 418 1910 1632 1968; baseline -0.001 -15"><span class='ocrx_word' id='word_1_283' title='bbox 418 1916 511 1967; x_wconf 80' lang='lat' dir='ltr'>Pag.</span> <span class='ocrx_word' id='word_1_284' title='bbox 534 1927 624 1964; x_wconf 83' lang='lat'>217.</span> <span class='ocrx_word' id='word_1_285' title='bbox 652 1915 677 1954; x_wconf 93' lang='grc' dir='ltr'>Ι.</span> <span class='ocrx_word' id='word_1_286' title='bbox 705 1913 742 1955; x_wconf 89' lang='lat'>8.</span> <span class='ocrx_word' id='word_1_287' title='bbox 767 1913 975 1968; x_wconf 78' lang='grc' dir='ltr'><strong><em>Εἰπόντες)</em></strong></span> <span class='ocrx_word' id='word_1_288' title='bbox 1005 1913 1133 1953; x_wconf 81' lang='lat' dir='ltr'>Multa</span> <span class='ocrx_word' id='word_1_289' title='bbox 1153 1913 1241 1954; x_wconf 85' lang='lat' dir='ltr'>loca</span> <span class='ocrx_word' id='word_1_290' title='bbox 1266 1910 1496 1967; x_wconf 83' lang='lat' dir='ltr'>scriptorum</span> <span class='ocrx_word' id='word_1_291' title='bbox 1521 1924 1632 1953; x_wconf 88' lang='lat' dir='ltr'>vete-</span> 
     </span>
     <span class='ocr_line' id='line_1_33' title="bbox 361 1966 1634 2021; baseline -0.001 -14"><span class='ocrx_word' id='word_1_292' title='bbox 361 1981 452 2007; x_wconf 87' lang='lat' dir='ltr'>rum</span> <span class='ocrx_word' id='word_1_293' title='bbox 467 1997 479 2017; x_wconf 90' lang='lat'>‚</span> <span class='ocrx_word' id='word_1_294' title='bbox 505 1969 545 2008; x_wconf 90' lang='lat' dir='ltr'>in</span> <span class='ocrx_word' id='word_1_295' title='bbox 565 1968 706 2021; x_wconf 86' lang='lat' dir='ltr'>quibus</span> <span class='ocrx_word' id='word_1_296' title='bbox 729 1968 846 2008; x_wconf 78' lang='grc' dir='ltr'><strong><em>εἰπεῖν</em></strong></span> <span class='ocrx_word' id='word_1_297' title='bbox 864 1966 918 2008; x_wconf 85' lang='lat' dir='ltr'>est</span> <span class='ocrx_word' id='word_1_298' title='bbox 937 1967 1094 2015; x_wconf 90' lang='lat' dir='ltr'>iubere,</span> <span class='ocrx_word' id='word_1_299' title='bbox 1116 1967 1163 2007; x_wconf 88' lang='lat' dir='ltr'>de</span> <span class='ocrx_word' id='word_1_300' title='bbox 1182 1979 1264 2020; x_wconf 91' lang='lat' dir='ltr'>quo</span> <span class='ocrx_word' id='word_1_301' title='bbox 1288 1966 1350 2007; x_wconf 91' lang='lat' dir='ltr'>hic</span> <span class='ocrx_word' id='word_1_302' title='bbox 1369 1977 1506 2007; x_wconf 88' lang='lat' dir='ltr'>monet</span> <span class='ocrx_word' id='word_1_303' title='bbox 1522 1966 1634 2007; x_wconf 84' lang='lat' dir='ltr'>Hud-</span> 
     </span>
     <span class='ocr_line' id='line_1_34' title="bbox 361 2019 1632 2075; baseline -0.001 -14"><span class='ocrx_word' id='word_1_304' title='bbox 361 2021 481 2063; x_wconf 85' lang='lat' dir='ltr'>sonus</span> <span class='ocrx_word' id='word_1_305' title='bbox 506 2023 547 2062; x_wconf 88' lang='lat' dir='ltr'>in</span> <span class='ocrx_word' id='word_1_306' title='bbox 569 2023 664 2063; x_wconf 88' lang='lat' dir='ltr'>Var.</span> <span class='ocrx_word' id='word_1_307' title='bbox 688 2022 790 2063; x_wconf 62' lang='lat' dir='ltr'>Lect.</span> <span class='ocrx_word' id='word_1_308' title='bbox 814 2035 838 2062; x_wconf 90' lang='lat' dir='ltr'>e</span> <span class='ocrx_word' id='word_1_309' title='bbox 867 2021 1087 2075; x_wconf 86' lang='lat' dir='ltr'>Stephano,</span> <span class='ocrx_word' id='word_1_310' title='bbox 1107 2019 1375 2074; x_wconf 73' lang='lat' dir='ltr'>congesserunt</span> <span class='ocrx_word' id='word_1_311' title='bbox 1402 2021 1476 2060; x_wconf 87' lang='lat' dir='ltr'>viri</span> <span class='ocrx_word' id='word_1_312' title='bbox 1498 2020 1601 2061; x_wconf 69' lang='lat' dir='ltr'>decli</span> <span class='ocrx_word' id='word_1_313' title='bbox 1617 2051 1632 2070; x_wconf 86' lang='lat'><strong>,</strong></span> 
     </span>
    </p>
   </div>
   <div class='ocr_carea' id='block_1_11' title="bbox 364 2073 1716 2131">
    <p class='ocr_par' dir='ltr' id='par_1_14' title="bbox 364 2073 1716 2131">
     <span class='ocr_line' id='line_1_35' title="bbox 364 2073 1716 2131; baseline -0.001 -16"><span class='ocrx_word' id='word_1_314' title='bbox 364 2078 435 2129; x_wconf 84' lang='lat' dir='ltr'>qui</span> <span class='ocrx_word' id='word_1_315' title='bbox 457 2089 578 2131; x_wconf 87' lang='lat' dir='ltr'>nuper</span> <span class='ocrx_word' id='word_1_316' title='bbox 597 2075 748 2131; x_wconf 76' lang='lat' dir='ltr'>phrasin</span> <span class='ocrx_word' id='word_1_317' title='bbox 762 2075 872 2117; x_wconf 90' lang='lat' dir='ltr'>Novi</span> <span class='ocrx_word' id='word_1_318' title='bbox 895 2075 1130 2116; x_wconf 87' lang='lat' dir='ltr'>Testamenti</span> <span class='ocrx_word' id='word_1_319' title='bbox 1145 2088 1194 2116; x_wconf 85' lang='lat' dir='ltr'>ex</span> <span class='ocrx_word' id='word_1_320' title='bbox 1216 2074 1299 2114; x_wconf 85' lang='lat' dir='ltr'>aliis</span> <span class='ocrx_word' id='word_1_321' title='bbox 1322 2073 1393 2114; x_wconf 88' lang='lat' dir='ltr'>scri</span> <span class='ocrx_word' id='word_1_322' title='bbox 1420 2073 1568 2115; x_wconf 87' lang='lat' dir='ltr'>toribus</span> <span class='ocrx_word' id='word_1_323' title='bbox 1589 2073 1632 2114; x_wconf 86' lang='lat' dir='ltr'>il·</span> <span class='ocrx_word' id='word_1_324' title='bbox 1713 2085 1716 2091; x_wconf 93' lang='lat'>·</span> 
     </span>
    </p>
   </div>
   <div class='ocr_carea' id='block_1_12' title="bbox 363 2127 1636 2509">
    <p class='ocr_par' dir='ltr' id='par_1_15' title="bbox 363 2127 1636 2509">
     <span class='ocr_line' id='line_1_36' title="bbox 364 2127 1629 2184; baseline -0.002 -14"><span class='ocrx_word' id='word_1_325' title='bbox 364 2130 596 2180; x_wconf 87' lang='lat' dir='ltr'>lustrarunt,</span> <span class='ocrx_word' id='word_1_326' title='bbox 616 2131 664 2171; x_wconf 87' lang='lat' dir='ltr'>ad</span> <span class='ocrx_word' id='word_1_327' title='bbox 689 2131 830 2171; x_wconf 87' lang='lat' dir='ltr'>Matth.</span> <span class='ocrx_word' id='word_1_328' title='bbox 850 2130 926 2177; x_wconf 88' lang='lat' dir='ltr'>IV,</span> <span class='ocrx_word' id='word_1_329' title='bbox 949 2145 990 2184; x_wconf 84' lang='lat'>3,</span> <span class='ocrx_word' id='word_1_330' title='bbox 1006 2130 1047 2169; x_wconf 72' lang='grc' dir='ltr'>δι</span> <span class='ocrx_word' id='word_1_331' title='bbox 1063 2130 1186 2170; x_wconf 91' lang='lat' dir='ltr'>Marc.</span> <span class='ocrx_word' id='word_1_332' title='bbox 1207 2129 1266 2176; x_wconf 91' lang='lat' dir='ltr'>V,</span> <span class='ocrx_word' id='word_1_333' title='bbox 1287 2142 1351 2182; x_wconf 84' lang='lat'>43.</span> <span class='ocrx_word' id='word_1_334' title='bbox 1419 2128 1534 2169; x_wconf 86' lang='lat' dir='ltr'>uibus</span> <span class='ocrx_word' id='word_1_335' title='bbox 1546 2127 1629 2168; x_wconf 87' lang='lat' dir='ltr'>add.</span> 
     </span>
     <span class='ocr_line' id='line_1_37' title="bbox 364 2180 1636 2238; baseline -0.002 -14"><span class='ocrx_word' id='word_1_336' title='bbox 364 2184 442 2224; x_wconf 85' lang='lat' dir='ltr'>hoc</span> <span class='ocrx_word' id='word_1_337' title='bbox 463 2185 625 2224; x_wconf 84' lang='lat' dir='ltr'>Luciani</span> <span class='ocrx_word' id='word_1_338' title='bbox 642 2186 682 2224; x_wconf 92' lang='lat' dir='ltr'>in</span> <span class='ocrx_word' id='word_1_339' title='bbox 704 2184 810 2225; x_wconf 83' lang='lat' dir='ltr'>Asm.</span> <span class='ocrx_word' id='word_1_340' title='bbox 835 2197 919 2238; x_wconf 86' lang='lat' dir='ltr'>pag.</span> <span class='ocrx_word' id='word_1_341' title='bbox 948 2198 963 2222; x_wconf 93' lang='lat'><em>1</em></span> <span class='ocrx_word' id='word_1_342' title='bbox 976 2197 1047 2231; x_wconf 87' lang='lat'>10,</span> <span class='ocrx_word' id='word_1_343' title='bbox 1064 2180 1228 2224; x_wconf 74' lang='grc' dir='ltr'><strong><em>Ἐπειτοι</em></strong></span> <span class='ocrx_word' id='word_1_344' title='bbox 1248 2182 1442 2234; x_wconf 71' lang='grc' dir='ltr'>τράπεζάν</span> <span class='ocrx_word' id='word_1_345' title='bbox 1462 2195 1529 2232; x_wconf 87' lang='grc' dir='ltr'>μοι</span> <span class='ocrx_word' id='word_1_346' title='bbox 1545 2198 1636 2235; x_wconf 39' lang='grc' dir='ltr'>που,</span> 
     </span>
     <span class='ocr_line' id='line_1_38' title="bbox 363 2232 1629 2293; baseline -0.002 -17"><span class='ocrx_word' id='word_1_347' title='bbox 363 2237 521 2293; x_wconf 62' lang='grc' dir='ltr'>μεθεῖναι</span> <span class='ocrx_word' id='word_1_348' title='bbox 545 2233 654 2286; x_wconf 68' lang='grc' dir='ltr'><strong><em>εἷπε,</em></strong></span> <span class='ocrx_word' id='word_1_349' title='bbox 684 2238 725 2278; x_wconf 71' lang='lat'>8:</span> <span class='ocrx_word' id='word_1_350' title='bbox 746 2239 947 2279; x_wconf 84' lang='lat' dir='ltr'>Theocrit.</span> <span class='ocrx_word' id='word_1_351' title='bbox 979 2238 1119 2284; x_wconf 92' lang='lat' dir='ltr'>XXX,</span> <span class='ocrx_word' id='word_1_352' title='bbox 1146 2251 1218 2285; x_wconf 76' lang='lat'>40,</span> <span class='ocrx_word' id='word_1_353' title='bbox 1245 2240 1311 2275; x_wconf 70' lang='grc' dir='ltr'>Ϊὶιν</span> <span class='ocrx_word' id='word_1_354' title='bbox 1334 2234 1372 2275; x_wconf 59' lang='grc' dir='ltr'>θ’</span> <span class='ocrx_word' id='word_1_355' title='bbox 1395 2232 1532 2276; x_wconf 57' lang='lat' dir='ltr'>{rainu</span> <span class='ocrx_word' id='word_1_356' title='bbox 1559 2235 1629 2274; x_wconf 76' lang='grc' dir='ltr'>Κύ-</span> 
     </span>
     <span class='ocr_line' id='line_1_39' title="bbox 367 2287 1632 2344; baseline -0.004 -12"><span class='ocrx_word' id='word_1_357' title='bbox 367 2307 453 2344; x_wconf 83' lang='grc' dir='ltr'><strong><em>πρις</em></strong></span> <span class='ocrx_word' id='word_1_358' title='bbox 465 2322 476 2341; x_wconf 87' lang='grc'><strong>,</strong></span> <span class='ocrx_word' id='word_1_359' title='bbox 496 2287 604 2331; x_wconf 70' lang='grc' dir='ltr'><strong><em>Εἶπέν</em></strong></span> <span class='ocrx_word' id='word_1_360' title='bbox 621 2306 665 2331; x_wconf 82' lang='grc' dir='ltr'>τε</span> <span class='ocrx_word' id='word_1_361' title='bbox 686 2291 765 2331; x_wconf 74' lang='grc' dir='ltr'><strong><em>τοῗς</em></strong></span> <span class='ocrx_word' id='word_1_362' title='bbox 783 2290 908 2344; x_wconf 73' lang='grc' dir='ltr'><strong><em>’Ἔρωσι</em></strong></span> <span class='ocrx_word' id='word_1_363' title='bbox 926 2293 984 2330; x_wconf 74' lang='grc' dir='ltr'>Τὰ,</span> <span class='ocrx_word' id='word_1_364' title='bbox 1004 2291 1134 2341; x_wconf 62' lang='lat' dir='ltr'>Scep-Bt</span> <span class='ocrx_word' id='word_1_365' title='bbox 1159 2291 1191 2330; x_wconf 79' lang='grc' dir='ltr'>οἱ</span> <span class='ocrx_word' id='word_1_366' title='bbox 1206 2287 1390 2330; x_wconf 58' lang='lat' dir='ltr'>’artavo-as.</span> <span class='ocrx_word' id='word_1_367' title='bbox 1421 2289 1495 2330; x_wconf 84' lang='lat' dir='ltr'>Sed</span> <span class='ocrx_word' id='word_1_368' title='bbox 1521 2287 1632 2343; x_wconf 81' lang='lat' dir='ltr'>saepe</span> 
     </span>
     <span class='ocr_line' id='line_1_40' title="bbox 366 2342 1630 2400; baseline -0.001 -16"><span class='ocrx_word' id='word_1_369' title='bbox 366 2346 560 2400; x_wconf 85' lang='lat' dir='ltr'>praecedit</span> <span class='ocrx_word' id='word_1_370' title='bbox 584 2346 748 2386; x_wconf 87' lang='lat' dir='ltr'>verbum</span> <span class='ocrx_word' id='word_1_371' title='bbox 770 2345 928 2400; x_wconf 90' lang='lat' dir='ltr'>aliquod</span> <span class='ocrx_word' id='word_1_372' title='bbox 949 2345 1104 2388; x_wconf 84' lang='lat' dir='ltr'>iubendi</span> <span class='ocrx_word' id='word_1_373' title='bbox 1128 2342 1440 2398; x_wconf 81' lang='lat' dir='ltr'>significationem</span> <span class='ocrx_word' id='word_1_374' title='bbox 1463 2343 1630 2391; x_wconf 76' lang='lat' dir='ltr'>habens,</span> 
     </span>
     <span class='ocr_line' id='line_1_41' title="bbox 367 2396 1626 2451; baseline -0.002 -12"><span class='ocrx_word' id='word_1_375' title='bbox 367 2411 412 2439; x_wconf 85' lang='lat' dir='ltr'>ut</span> <span class='ocrx_word' id='word_1_376' title='bbox 435 2401 474 2439; x_wconf 88' lang='lat' dir='ltr'>in</span> <span class='ocrx_word' id='word_1_377' title='bbox 497 2400 653 2440; x_wconf 88' lang='lat' dir='ltr'>Lucian.</span> <span class='ocrx_word' id='word_1_378' title='bbox 674 2400 697 2440; x_wconf 90' lang='lat' dir='ltr'>l.</span> <span class='ocrx_word' id='word_1_379' title='bbox 719 2399 754 2439; x_wconf 93' lang='lat' dir='ltr'>d.</span> <span class='ocrx_word' id='word_1_380' title='bbox 783 2399 952 2444; x_wconf 78' lang='grc' dir='ltr'>κελεύει,</span> <span class='ocrx_word' id='word_1_381' title='bbox 980 2400 1040 2439; x_wconf 90' lang='lat' dir='ltr'>hic</span> <span class='ocrx_word' id='word_1_382' title='bbox 1064 2396 1371 2451; x_wconf 67' lang='grc' dir='ltr'><strong><em>προστάξαντες,</em></strong></span> <span class='ocrx_word' id='word_1_383' title='bbox 1393 2396 1495 2437; x_wconf 85' lang='lat' dir='ltr'>&amp;in</span> <span class='ocrx_word' id='word_1_384' title='bbox 1517 2396 1626 2437; x_wconf 85' lang='lat' dir='ltr'>Luca</span> 
     </span>
     <span class='ocr_line' id='line_1_42' title="bbox 366 2449 1627 2509; baseline -0.003 -14"><span class='ocrx_word' id='word_1_385' title='bbox 366 2454 504 2497; x_wconf 69' lang='grc' dir='ltr'>Αξὶοτ.</span> <span class='ocrx_word' id='word_1_386' title='bbox 526 2453 661 2509; x_wconf 88' lang='lat' dir='ltr'>Apost.</span> <span class='ocrx_word' id='word_1_387' title='bbox 686 2453 820 2506; x_wconf 79' lang='lat' dir='ltr'>XXII,</span> <span class='ocrx_word' id='word_1_388' title='bbox 844 2468 916 2504; x_wconf 88' lang='lat'>24,</span> <span class='ocrx_word' id='word_1_389' title='bbox 934 2452 1118 2494; x_wconf 74' lang='grc' dir='ltr'><strong><em>ἐκέλευσε.</em></strong></span> <span class='ocrx_word' id='word_1_390' title='bbox 1136 2451 1195 2495; x_wconf 87' lang='lat' dir='ltr'>Ita</span> <span class='ocrx_word' id='word_1_391' title='bbox 1214 2452 1329 2493; x_wconf 87' lang='lat' dir='ltr'>etiam</span> <span class='ocrx_word' id='word_1_392' title='bbox 1352 2453 1396 2491; x_wconf 66' lang='lat' dir='ltr'>‘rb</span> <span class='ocrx_word' id='word_1_393' title='bbox 1416 2450 1546 2509; x_wconf 65' lang='grc' dir='ltr'>λέγω</span> <span class='ocrx_word' id='word_1_394' title='bbox 1562 2449 1627 2491; x_wconf 89' lang='lat' dir='ltr'>su-</span> 
     </span>
    </p>
   </div>
   <div class='ocr_carea' id='block_1_13' title="bbox 1704 707 1754 3120">
    <p class='ocr_par' dir='ltr' id='par_1_16' title="bbox 1704 707 1754 3120">
     <span class='ocr_line' id='line_1_43' title="bbox 1704 707 1754 3120; baseline 0 0"><span class='ocrx_word' id='word_1_395' title='bbox 1704 707 1754 3120; x_wconf 95' lang='lat' dir='ltr'> </span> 
     </span>
    </p>
   </div>
  </div>
 </body>
</html>
