1760 3100
364 174 428 214 ἰο
653 163 1346 212 THUCYDIDIS

363 220 478 311 ἔλθον
503 259 886 329 ξυγκατενείμαντο
912 282 981 319 την
1008 271 1100 323 γην·
1128 281 1205 310 mu
1232 264 1415 310 οἶκισται
1395 252 1633 351 Hepenpqa

363 356 442 386 και
467 331 792 426 Κραταιμένης’
781 357 956 399 εγενοντο
978 333 1125 395 αὐτῆς,
1152 338 1171 385 ὁ
1196 355 1273 404 μεν
1299 330 1389 385 ἀπο
1414 330 1628 414 Κυμης,“
1609 355 1632 383 ο

361 401 448 462 ὃε’
427 433 517 462 απο
495 406 832 468 Χαλκίδος.
804 413 933 480 ὄνομα
952 402 1055 461 ὃε
1016 434 1060 462 το
1076 432 1153 480 μεν
1170 429 1375 498 πρωτον,
1367 408 1608 473 Zoiynkn'
1589 430 1633 468 ην

362 482 447 538 ὑπο
470 510 549 539 των
570 486 772 539 Σικελων
797 485 1077 546 κληθεῖσα,
1051 510 1109 537 οτι
1129 477 1462 557 ὃρεπανοειὸες
1421 508 1466 536 το
1486 489 1633 557 χωρίον

362 585 433 623 την
456 560 600 614 ἱδεαν’
589 585 699 618 εστι,
724 586 768 613 το
789 554 834 613 δε
853 559 1042 650 δρέπανον
1060 567 1094 612 αἱ
1121 559 1302 614 Σικελοι
1328 561 1524 626 ζαγκλον
1540 581 1631 612 κα-

362 638 519 691 λοῦσιν·
547 636 706 711 ὕστερον
727 629 793 694 tle,
819 636 935 690 αὐτοι
957 660 1032 708 μεν
1051 633 1133 688 ὑπο
1161 637 1350 707 Σαμίων
1373 659 1451 689 και
1475 635 1632 688 ἄλλων

362 713 540 766 Ἰωνων’
528 721 824 770 §xviv-foveram
852 739 884 767 οι
872 711 1083 775 Μηὸους
1103 710 1333 779 φεύγοντες
1354 709 1631 786 προσέβαλον

361 789 578 843 Σικελία.

439 890 483 918 ε.
504 865 618 925 Τους
636 858 681 918 δέ
698 867 908 959 Σαμίους
919 866 1155 929 Ἀναξίλας
1173 865 1369 930 Ρηγίνων
1386 861 1568 937 τύραννος
1587 867 1632 916 οὐ

363 942 526 1014 πολλῷ
545 941 705 1015 ὕστερον
727 935 957 1004 ὲκβαλων,
982 964 1060 994 και
1078 965 1147 1003 την
1166 942 1292 994 πὸΙιν
1311 944 1448 999 αὐτοῖς
1467 943 1631 1012 ξυμμί-

362 1042 471 1081 κτων
493 1019 715 1093 ανθρωπων
737 1024 924 1077 οἰκία-ας,
945 1016 1216 1079 Meo-mz'unv’
1195 1041 1285 1069 αντ-ο
1304 1041 1374 1078 της
1393 1017 1540 1068 ἑαυτου
1560 1041 1629 1068 το-

360 1098 538 1169 αρχαῖον
564 1095 768 1188 πατρίδος
781 1093 1072 1166 αντωνομαωε
1095 1116 1174 1145 και
1197 1087 1346 1166 Ἰμερα
1370 1115 1465 1144 απο
1487 1092 1629 1157 Ζάγ-

361 1186 472 1233 κλης
493 1172 709 1243 ᾠκίσθη
690 1196 773 1222 imo
794 1171 1046 1227 Εὐκλείδου,
1069 1193 1147 1222 και
1169 1170 1337 1240 Σίμου,
1358 1192 1436 1220 και
1460 1169 1630 1235 Σακω-

360 1272 434 1307 νος.
455 1271 532 1301 και
560 1247 809 1306 Χαλκιὸεις
836 1269 912 1318 μεν
932 1253 966 1299 οἱ
989 1250 1187 1299 πλεῖστοι
1213 1242 1360 1307 ἡλθον’
1349 1267 1389 1303 ες
1406 1269 1475 1307 την
1498 1250 1627 1296 ἀποι-

359 1330 481 1380 κίαν,
509 1317 747 1396 ξυνῳκηο-αν
767 1315 812 1377 ὃε
832 1326 969 1382 αὐτοῖς
992 1346 1068 1375 και
1093 1325 1142 1375 ὲκ.
1160 1320 1446 1395 Συρακουσων
1468 1319 1630 1386 φυγα-

359 1480 529 1536 Eiusque
551 1480 733 1522 coloniae
756 1479 849 1521 illuc
876 1478 1082 1529 deduflae,
1110 1479 1244 1534 ibique
1274 1479 1487 1521 collooetae
1513 1477 1632 1518 duces

359 1552 518 1594 fuerunt
539 1551 708 1592 Perieres
730 1562 848 1605 atque
873 1551 1172 1600 Crataemenes‚
1195 1563 1368 1605 quorum
1393 1549 1488 1590 alter
1507 1561 1530 1589 e
1546 1547 1629 1590 Cu·

359 1623 452 1670 mis,
476 1622 572 1662 alter
599 1635 623 1662 e
648 1621 834 1662 Chalcide
863 1634 1038 1663 venerat.
1072 1625 1182 1664 Haec
1211 1633 1341 1663 autem
1373 1620 1468 1662 urbs
1499 1619 1628 1674 primo

360 1691 518 1746 quidem
539 1706 561 1732 a
580 1691 716 1733 Siculis
738 1691 878 1732 Zancle
900 1703 1046 1733 vocata
1069 1691 1165 1743 fuit,
1192 1693 1300 1747 quod
1323 1693 1435 1734 locus
1459 1690 1522 1732 ille
1541 1688 1630 1744 spe-

359 1760 460 1800 ciem
482 1758 587 1800 falcis
610 1758 764 1799 habeat:
789 1757 926 1802 falcem
945 1770 1075 1800 autem
1097 1759 1216 1800 Siculi
1235 1759 1399 1800 zanclon
1421 1756 1627 1812 appellant.

358 1828 495 1869 Postea
513 1841 612 1868 vero
633 1827 700 1883 ips1
722 1828 877 1881 quidem
900 1842 924 1868 a
938 1828 1076 1870 Samiis
1097 1829 1139 1869 &
1155 1829 1238 1869 aliis
1254 1828 1436 1876 Ionibus,
1454 1827 1521 1882 qui
1541 1827 1627 1869 Me-

358 1896 430 1938 dos
450 1896 636 1951 fugientes
661 1898 707 1938 ad
729 1897 894 1938 Siciliam
914 1898 1164 1953 appulerant,
1187 1897 1335 1952 expulfi
1360 1894 1530 1938 fuerunt.

423 1970 478 2010 V.
506 1969 695 2010 Anaxilas
716 1982 818 2009 vero
843 1968 1111 2022 Rheginorum
1143 1980 1361 2023 tyrannus,
1385 1981 1469 2010 non
1498 1968 1626 2010 multo

356 2038 446 2094 post
457 2039 595 2080 Samiis
613 2038 718 2079 illinc
731 2038 882 2088 eiectis,
900 2038 1037 2079 urbem
1055 2039 1302 2089 hominibus,
1314 2052 1414 2093 quos
1427 2052 1517 2080 cum
1533 2038 1625 2093 ipsis

356 2108 533 2160 miscuit,
557 2108 799 2163 frequentem
825 2108 986 2149 reddidit
1001 2140 1013 2159 ,
1042 2109 1085 2150 δι
1113 2109 1276 2150 nomine
1301 2119 1454 2150 mutato
1483 2108 1625 2151 Meffe-

356 2193 433 2222 nen
454 2194 477 2221 a
496 2180 562 2222 sua
581 2181 737 2234 antiqua
762 2180 883 2235 patria
904 2180 1147 2229 nominavit,
1169 2193 1260 2220 cum
1282 2190 1371 2221 ante
1387 2180 1528 2222 Zancle
1545 2193 1624 2221 vo-

354 2262 520 2294 caretur.
547 2250 636 2292 Post
658 2251 825 2291 Zanclen
847 2260 976 2290 autem
995 2249 1192 2290 conditam
1205 2280 1218 2299 ,
1240 2250 1400 2290 Himera
1424 2250 1475 2290 ab
1497 2248 1626 2290 Eucli-

353 2323 402 2364 de
422 2324 465 2364 &
486 2323 594 2364 Simo
616 2323 658 2363 &
686 2322 834 2364 Sacone
854 2322 1008 2363 condita
1028 2320 1110 2362 fuit.
1137 2322 1185 2362 Et
1210 2321 1479 2363 Chalcidenses
1508 2321 1623 2375 pleri-

353 2404 432 2445 que
455 2391 494 2431 in
516 2390 626 2431 istam
655 2390 853 2433 coloniam
879 2401 1097 2440 venerunt,
1122 2391 1164 2431 &
1190 2403 1280 2432 cum
1307 2389 1395 2445 ipsis
1420 2390 1622 2432 habitave-

351 2469 443 2503 runt
465 2459 509 2503 &
527 2458 760 2513 Syracusani
781 2459 951 2511 exsules,
979 2473 1004 2501 a
1025 2461 1223 2504 contraria
1242 2459 1407 2504 factione
1430 2459 1627 2516 superati,
