1760 3100
366 221 434 285 π
656 218 1347 268 THUCYDIDIS

366 336 463 372 τους
481 308 650 371 αλλους
667 311 757 365 τότε
775 316 1021 371 πείσαντες,
1043 307 1184 376 ἐπειδη
1209 313 1399 376 ὢηλθεν“
1384 339 1403 366 ο
1421 312 1638 380 λογοςῖτι

367 393 443 443 οὐκ
462 411 518 450 ειη
537 391 574 441 ὲν
590 393 640 454 τίἳ
658 385 908 456 Ἐγέστη
864 413 925 441 τα
952 412 1186 485 χρηματα,
1214 385 1384 452 πολλην
1405 415 1472 452 την
1494 397 1635 444 αἰτίαν
1694 446 1701 457 x

366 464 479 529 εἰχον
513 460 596 517 ὑπο
627 488 705 517 των
733 488 1013 538 στρατια-των.
1047 472 1082 519 οἱ
1091 458 1158 518 ὃε
1188 489 1418 541 στρατηγοι
1446 490 1548 541 προς
1574 488 1635 520 τα

367 541 560 615 παρόντα
578 539 857 603 ἐβουλεύοντο.

424 610 562 712 ’.ηρ-ιζ’
560 615 654 670 Και
670 619 823 671 Νικίου
838 639 914 689 μεν
926 611 967 678 ἦν
981 639 1134 688 ’γνωμη
1149 619 1274 670 πλεῖν
1288 621 1359 671 ἒπι
1336 615 1636 672 Σελινοῦντα

367 717 496 760 voto-n
512 717 559 758 τῃ
579 693 784 784 στρατιᾷ,
803 696 875 756 ἐφ’
892 692 992 761 ὅπερ
1007 695 1222 762 μάλιστα
1241 692 1536 766 ἐπέμφθησαν
1554 694 1635 748 καὶ

367 762 411 831 ἦν
422 791 498 840 μεν
509 766 738 842 παρέχωσι
751 792 964 843 χρηματα
977 766 1107 822 παντι
1122 770 1183 842 τῷ
1194 769 1485 864 στρατεύματι
1499 770 1633 837 Ἐγε-

365 848 532 901 σταῖοι,
549 869 650 918 προς
675 869 820 898 ταυτα
844 843 1161 908 βουλεύεσθαι·
1191 854 1224 898 εἰ
1253 838 1298 899 δε
1315 872 1401 916 μη,
1428 850 1524 905 ταῖς
1542 845 1636 911 ἐξῆ-

367 944 498 975 κοντα
517 944 677 1003 ναυσιν,
699 920 894 990 ὅσασπερ
914 944 1139 989 ητησαντο,
1157 923 1295 985 αξιοῧν
1317 923 1463 975 διὸοναι
1483 921 1636 982 αὐτους

366 993 539 1069 τροφην,
557 997 635 1049 και
654 1003 1002 1070 παραμείναντας
1017 993 1359 1057 Σελινουντίους
1336 1024 1359 1060 η
1378 992 1503 1071 βία’
1481 1024 1504 1060 η
1523 1001 1634 1070 ξυμ-

367 1052 507 1138 βασει
533 1074 790 1138 διαλλάξαι
805 1077 966 1133 αὐτοις,
993 1096 1072 1126 και
1098 1071 1203 1126 οὕτω
1225 1074 1632 1166 παραπλευσαντας

336 1168 338 1171 ’
366 1174 450 1209 τας
474 1149 632 1208 ἄλλας
657 1150 827 1209 πολεις,
850 1174 928 1202 και
955 1150 1243 1214 ἒπιὸεέαντας
1268 1173 1344 1242 μεν
1366 1175 1438 1213 την
1465 1149 1636 1223 δύναμιν

366 1251 438 1287 της
456 1226 675 1287 Ἀθηναίων
700 1225 891 1285 πολεως,
911 1225 1192 1288 ὃηλωσαντας
1215 1218 1327 1278 δε
1285 1251 1353 1289 την
1379 1229 1418 1285 ἒς
1443 1251 1536 1286 τους
1555 1233 1635 1284 Φί-

367 1316 468 1362 λους
495 1325 575 1355 και
599 1303 862 1376 ξυμμαχους
886 1306 1141 1377 προθυμίαν,
1169 1306 1388 1361 αποπλειν
1411 1297 1636 1366 abacia&

363 1460 519 1515 quidem
530 1490 542 1507 ‚
570 1460 752 1517 qui-*cum
765 1459 835 1515 ipsi
853 1459 1000 1514 decepti
1016 1458 1192 1510 fuerant,
1206 1469 1291 1500 tum
1309 1459 1425 1501 etiam
1447 1458 1526 1503 aliis
1540 1471 1635 1502 tunc

364 1528 443 1570 hoc
458 1527 738 1584 persuaserant,
758 1527 964 1582 postquam
982 1528 1044 1569 hic
1054 1541 1191 1569 rumor
1207 1528 1442 1580 dimanavit,
1452 1530 1637 1584 pecunias

361 1600 446 1640 illas
475 1599 633 1654 Egestae
659 1612 743 1641 non
767 1598 867 1648 effe,
893 1599 1063 1653 graviter
1090 1612 1113 1640 a
1138 1599 1326 1640 militibus
1349 1599 1635 1642 accusabantur.

363 1669 499 1711 Duces
510 1680 639 1710 autem
652 1683 726 1724 pro
738 1668 924 1724 praesenti
934 1683 1066 1710 rerum
1076 1668 1174 1710 statu
1184 1668 1400 1712 consultare
1408 1681 1635 1726 coeperunt.

430 1738 591 1781 XLVII.
617 1739 667 1780 Et
686 1738 823 1779 Niciae
847 1737 1002 1792 quidem
1024 1736 1207 1778 sententia
1228 1737 1325 1779 haec
1339 1748 1445 1788 erat,
1478 1749 1523 1780 ut
1542 1752 1633 1780 cum

363 1810 548 1851 omnibus
566 1809 688 1864 copiis
702 1806 883 1849 adversus
897 1807 1134 1848 Selinuntem
1155 1807 1426 1861 navigaretur,
1449 1809 1560 1850 cuius
1577 1809 1634 1850 rei

362 1879 479 1922 causa
496 1878 731 1934 potissimum
748 1877 843 1919 miffi
865 1876 1030 1918 fuifl'ent.
1059 1877 1130 1926 Et,
1150 1876 1180 1917 st
1202 1877 1356 1932 quidem
1374 1877 1547 1932 Egestaei
1570 1892 1635 1934 pe-

362 1953 497 1993 cunias
518 1950 701 1993 universo
719 1950 906 1992 exercitui
921 1948 1223 2006 suppeditarent,
1237 1962 1314 2004 pro
1330 1949 1515 2003 pecuniae
1533 1949 1635 1991 sum-

362 2037 428 2065 ma
453 2021 655 2064 consilium
677 2031 892 2075 caperetur.
917 2019 973 2060 sm
993 2021 1121 2060 minus
1134 2052 1147 2070 ,
1169 2020 1219 2060 ab
1243 2019 1334 2075 ipsis
1351 2019 1632 2075 postularetur,

362 2101 408 2132 ut
434 2090 628 2145 sexaginta
655 2089 843 2138 navibus,
867 2102 963 2144 quas
986 2088 1054 2144 ips1
1078 2088 1291 2143 petiifl'ent,
1317 2089 1462 2130 cibaria
1490 2089 1634 2146 suppe-

361 2161 545 2209 ditarent3
570 2171 686 2214 atque
703 2159 755 2200 fic
777 2158 1030 2200 Athenienses
1053 2160 1107 2200 ibi
1122 2171 1414 2213 permanerent,
1429 2161 1552 2204 donec
1568 2163 1634 2205 Se-

359 2230 554 2272 linuntios
571 2229 657 2285 ipsis
674 2229 868 2283 Egestaeis
888 2229 955 2270 vel
968 2230 1011 2271 vi
1029 2229 1093 2271 vel
1116 2229 1293 2284 panione
1312 2231 1636 2283 reconciliaffent;

362 2302 475 2343 &ita
501 2312 650 2342 ceteras
672 2302 847 2343 civitates
870 2302 1050 2350 obirent,
1078 2301 1120 2341 δι
1140 2301 1208 2341 ubi
1235 2301 1479 2343 Atheniensis
1504 2305 1633 2358 reipu-

362 2373 486 2415 blicae
509 2374 722 2429 potentiam
743 2373 830 2428 ipsis
855 2373 1120 2422 ostendissent,
1143 2372 1183 2412 &
1206 2371 1318 2414 suum
1337 2376 1378 2415 in
1402 2376 1549 2416 amicos
1570 2376 1636 2416 so.

360 2443 519 2499 ciosque
554 2442 721 2484 studium
752 2443 1088 2493 demonstrassent,
1118 2443 1279 2484 domum
1313 2444 1504 2494 redirent,
1535 2444 1631 2499 (nisi

361 2513 465 2558 forte
488 2515 600 2561 brevi
623 2518 810 2573 temporis
830 2516 973 2573 spatio,
992 2516 1035 2559 δι
1061 2529 1112 2559 ex
1134 2516 1338 2572 inopinato
1355 2516 1485 2572 aliqua
1508 2515 1634 2561 facula
