1754 3120
370 174 459 224 502
570 158 1445 207 ANNOTATIONE.S

416 252 491 290 ead.
515 250 539 290 l.
559 248 596 289 6.
618 247 908 304 Ἰσχυρίζητοιι)
935 249 1114 290 Annotat
1134 249 1371 304 Stephanus,
1394 249 1550 291 vallam
1569 249 1634 292 hic

365 302 634 357 ἰσχυρίζεσθαι
656 315 810 344 vertere
819 305 986 357 perflare,
1009 304 1116 357 quod
1137 317 1220 358 cap.
1245 304 1296 354 48
1318 314 1488 346 verterat
1510 304 1634 358 affire-

365 372 408 397 re.
432 357 723 412 Intelligendum
747 366 878 396 autem
899 356 977 398 hoc
1005 356 1100 397 loco
1117 357 1191 398 effe
1203 361 1348 411 perstare
1369 360 1407 398 in
1420 359 1636 412 suasenten-

367 411 441 465 tia:
463 426 501 465 q.
524 411 560 452 d.
584 413 727 463 firmum
746 411 781 449 in
796 410 965 462 fintentia
990 410 1077 463 ff,
1097 410 1186 461 vel,
1203 413 1349 463 fimu‘ter
1367 412 1472 466 suam
1488 412 1632 465 senten-

366 466 451 505 tiam
468 466 564 505 tuert'.
585 465 815 518 Interpretes
837 465 945 504 varie
964 475 1147 513 vertunt,
1166 465 1286 506 modo
1303 467 1488 522 affimare,
1509 465 1631 506 modo

366 519 403 558 in
422 518 590 571 sententia
604 518 825 571 perseverare.
845 517 1006 558 Certum
1027 518 1108 565 est,
1132 519 1171 558 in
1194 518 1382 573 plerisque
1406 520 1500 562 locis
1523 520 1634 561 Thu-

369 573 519 625 cydidis
552 573 654 613 idem
677 571 774 621 effe,
793 571 902 626 quod
925 572 1067 612 Latinis
1080 573 1228 625 firmiter
1246 573 1452 627 affiverare,
1470 575 1560 614 omni
1579 575 1638 627 as:-

362 627 574 680 severatione
597 626 789 682 affirmare,
818 641 883 679 pro
902 638 987 667 certo
1005 627 1182 681 affirmare.
1204 625 1276 676 III,
1297 642 1370 677 44,
1396 627 1468 667 Κοιὶ
1490 625 1603 667 τοῦτο
1617 658 1635 675 ,

370 681 390 719 ὃ
402 681 588 730 μάλιστα
605 680 723 719 Κλέων
743 679 978 733 ἰσχυρίζεται
998 679 1036 720 ἐς
1053 682 1096 719 το
1116 682 1251 721 λοιπον
1269 680 1446 734 ξυμφέρον
1462 678 1635 722 ἔσεσθαι.

368 734 443 781 lv,
470 749 542 789 23,
562 732 850 787 Ἰσχυριζὸμενοι
875 733 933 773 ὅτι
956 732 1004 774 sb
1029 733 1171 786 εἴρητο,
1196 733 1260 774 ἐὰν
1284 735 1350 774 καὶ
1375 733 1493 775 ὁτιοῦν
1511 749 1639 788 παροι-

369 787 464 839 βειθξῖ
473 819 484 838 ,
508 787 696 828 λελύσθαι
718 790 791 826 τὰς
815 787 1004 828 commate.
1033 788 1103 827 ubi
1127 787 1376 837 Scholiastes‚
1399 788 1638 842 ἑπερειὲόμε-

374 857 451 889 νοι,
475 838 524 882 ὣς
545 842 700 895 ίσχυρὶιν
720 841 825 882 πάνυ
839 841 1102 894 προτείνοντες.
1120 841 1196 891 IV,
1219 841 1296 889 68,
1318 838 1492 884 Ἐἒῆλουν
1512 841 1559 882 δὲ
1581 838 1639 881 ου’-

370 895 437 936 ὃὲν
451 891 498 936 ὦς
517 893 627 936 'do-ace
644 897 697 934 τὰ
714 895 964 948 πρασσόμενα
976 925 986 941 ,
1002 895 1094 934 ἀλλ’
1112 890 1161 935 ὣς
1176 897 1231 936 τὰ
1249 896 1439 942 βέλτιστοι
1453 894 1639 941 βουλεύον-

370 964 438 990 τες
460 949 709 1003 ἰσχυρίζοντο.
729 949 835 1002 quod
852 948 965 988 Valla
985 949 1039 988 ibi
1048 949 1090 1000 [ὲ
1111 950 1282 997 roborare,
1303 947 1518 1003 Stephanus
1534 950 1636 1002 perti-

371 1004 501 1044 naciter
518 1005 685 1057 obsistere,
702 1002 841 1043 Portus
859 1002 899 1042 &
918 1002 1086 1043 Aeacius
1097 1033 1111 1050 ,
1135 1003 1265 1043 itidem
1288 1013 1333 1044 ut
1350 1003 1433 1051 hic,
1452 1003 1636 1056 infinten·

373 1059 425 1097 tia
434 1058 653 1112 perseverare,
675 1057 984 1111 interpretantur.
1005 1070 1239 1110 quamquam
1258 1057 1472 1112 Stephanus
1488 1068 1639 1105 monet,

372 1113 490 1152 etiam
515 1111 633 1166 paulo
654 1110 762 1151 aliter
792 1110 893 1151 verti
925 1110 1051 1164 poffe3
1077 1124 1164 1151 nem
1193 1124 1216 1151 e
1245 1111 1307 1152 illa
1339 1110 1639 1164 fignificatione,

371 1179 490 1219 quam
510 1178 590 1206 non
604 1165 723 1205 modo
738 1164 838 1205 locis
856 1164 952 1211 illis,
976 1178 1078 1219 quae
1096 1178 1150 1218 po
1169 1166 1232 1211 ui,
1257 1164 1320 1206 sed
1341 1166 1459 1206 etiam
1479 1167 1535 1213 V,
1563 1165 1639 1211 26,

376 1222 419 1261 δε
439 1219 521 1268 VI,
542 1233 586 1274 55
603 1219 740 1259 habet:
765 1232 880 1271 quam
904 1218 1042 1258 retinet
1061 1218 1317 1273 compositum
1334 1219 1421 1259 sei‘o·
1458 1219 1638 1274 υρίζομοιι.

428 1277 504 1315 ead.
525 1274 549 1315 l.
573 1287 610 1327 9.
637 1272 824 1326 Σικανδς)
851 1272 953 1314 Vide
978 1272 1204 1314 Diodorum
1227 1273 1344 1314 Sicul.
1361 1235 1478 1323 lei,
1499 1287 1538 1328 p.
1561 1271 1640 1327 336

373 1328 411 1369 b.
434 1330 583 1369 WAss.

430 1385 503 1422 ead.
533 1383 557 1421 Ι.
587 1395 646 1421 11.
675 1381 715 1421 ‘H
737 1378 817 1421 τοῖς
848 1380 1110 1434 Συρακουσίοις
1134 1380 1274 1422 στάσις
1320 1377 1463 1422 Portus
1484 1380 1524 1420 in
1542 1380 1643 1422 Var.

376 1437 479 1476 Le&
502 1434 678 1476 Hudsoni
699 1434 921 1476 sententiam
942 1435 1041 1475 bene
1066 1447 1115 1474 ex
1144 1433 1257 1475 reffit.
1294 1434 1502 1476 Εκπίπτειν
1525 1433 1643 1488 saepe

376 1489 431 1530 est
447 1491 566 1544 patria
586 1490 683 1536 eiici,
702 1489 834 1543 expelli.
861 1488 1048 1541 Thucyd.
1074 1487 1109 1528 ῙῘ
1143 1519 1158 1536 ,
1178 1488 1229 1529 68
1242 1519 1258 1536 ,
1280 1488 1482 1542 Μεγαρέων
1505 1487 1642 1542 ἀνθρὼ-

379 1559 418 1585 σι
437 1546 546 1584 κατὰ.
564 1544 700 1584 στάσιν
725 1543 1002 1583 ἐκπεπτωκόσι.
1030 1543 1078 1582 Et
1096 1543 1179 1589 Vl,
1199 1557 1248 1592 4,
1270 1540 1344 1583 ὖπὶι
1363 1543 1516 1594 Σαμίων
1533 1541 1642 1582 ἐκπί-

375 1613 528 1639 πτουσι.
553 1599 666 1638 Hanc
688 1595 1004 1650 significationem
1032 1595 1184 1637 secutus
1212 1596 1380 1637 Aeacius
1410 1595 1551 1644 vertit,
1570 1594 1642 1648 fa-

378 1654 441 1692 ἐῖὶο
453 1683 467 1700 ,
481 1664 582 1705 quae
598 1651 644 1691 ad
658 1649 924 1704 Syracusanos
942 1663 1023 1690 tem
1039 1650 1235 1698 trahebat,
1254 1649 1442 1703 eiea‘laficit.
1461 1650 1534 1691 Sed
1552 1661 1640 1690 eam

378 1720 459 1747 non
487 1706 691 1746 admittunt
711 1705 832 1746 verba
856 1704 894 1745 ἐς
925 1703 1068 1756 φιλίαν.
1093 1704 1245 1745 Tamen
1270 1705 1367 1744 mire
1391 1703 1533 1744 diaum
1559 1702 1643 1751 est,

380 1758 400 1801 ὗ
424 1759 504 1800 τοῖς
522 1760 787 1813 Συρακουσίοις
805 1757 971 1805 στάσις,
995 1771 1069 1812 pro
1088 1757 1222 1798 seditio
1258 1770 1366 1812 ropter
1381 1757 1644 1812 Syracusanos:

379 1815 492 1854 cuius
515 1826 616 1867 quae
636 1813 681 1853 fit
703 1813 827 1859 ratio,
858 1811 950 1851 mihi
975 1825 1057 1852 non
1079 1811 1187 1852 facile
1238 1811 1315 1852 ἰξὶιι
1339 1810 1404 1852 est.
1431 1810 1511 1852 Nifi
1541 1809 1645 1852 forte

379 1867 617 1908 substantivo
643 1868 782 1908 στάσις
807 1866 980 1906 dativum
1002 1867 1112 1907 verbi
1131 1867 1354 1918 στασιάζειν
1375 1865 1513 1905 addidit
1529 1864 1645 1905 Thu-

380 1922 562 1974 cydides,
581 1920 909 1976 quemadmodum
927 1919 1017 1960 alibi
1036 1919 1277 1960 substantivis
1300 1918 1522 1974 quibusdam
1546 1918 1642 1959 dati-

380 1990 457 2016 vos
477 1976 689 2016 verborum
710 1984 968 2028 cognatorum
981 2003 995 2020 ,
1016 1973 1063 2014 de
1082 1987 1164 2028 quo
1186 1973 1328 2014 diaum
1345 1971 1400 2014 est
1422 1973 1470 2014 ad
1486 1973 1544 2020 V,
1560 1972 1641 2032 493

381 2040 431 2070 ut
450 2030 545 2071 haec
571 2029 617 2069 sit
639 2028 846 2077 sententia,
870 2026 900 2068 οἱ
923 2027 1001 2068 τοῖς
1024 2030 1076 2067 τὰ
1097 2027 1173 2070 τῶν
1196 2027 1451 2082 Συρακουσίων
1471 2039 1643 2081 φρονουσι

381 2084 671 2124 στασιάσαντες
689 2082 963 2144 ἒιηλλέψιισοιν
985 2076 1126 2122 026⁷on-

438 2139 528 2188 Pag.
554 2151 641 2190 257.
661 2138 686 2178 l.
718 2152 752 2176 2.
778 2140 847 2176 Tou
868 2133 972 2175 πλοῦ
996 2133 1214 2197 ἧγεμὸνας)
1235 2134 1357 2176 Reae
1378 2133 1567 2175 iudicabat
1591 2133 1645 2173 cl.‘

384 2190 533 2238 Waffe‚
545 2191 741 2246 ’γενομένου
756 2191 979 2244 importune
995 2188 1180 2230 intrusum
1193 2202 1233 2229 in
1247 2188 1317 2230 Gr.
1324 2187 1414 2229 Vid.
1427 2189 1523 2228 Var.
1538 2186 1643 2227 Lest.

438 2247 512 2285 ead.
534 2246 558 2283 l.
583 2259 616 2299 3.
635 2240 919 2298 Εὗεσπερίτσιις)
939 2242 1010 2283 Gr.
1033 2243 1276 2294 Ἑσπερίταις.
1290 2242 1390 2282 Vide
1406 2240 1643 2296 Stephanum

385 2299 432 2340 de
459 2298 597 2340 Urbib.
615 2300 762 2338 WAss.
788 2298 820 2338 E
852 2296 1048 2350 Stephano
1067 2298 1106 2336 in
1136 2295 1301 2347 Ἕσπερὶς
1325 2295 1367 2335 δι
1397 2291 1645 2348 Εὗεσπερίὸες

384 2363 514 2407 patet,
538 2351 630 2392 nihil
651 2351 823 2392 interesse
851 2351 949 2390 inter
970 2347 1219 2405 Εὐεσπερίταις
1243 2349 1285 2389 8(
1307 2349 1540 2403 Ἑσπερίτοις.
1563 2343 1645 2388 Εὔε-

385 2406 574 2460 σπερίτοις
589 2415 777 2446 memorat
790 2403 990 2445 Pausanias
1002 2403 1074 2451 IV,
1103 2403 1152 2444 26
1163 2433 1173 2452 ‚
1190 2401 1258 2444 ubi
1282 2402 1328 2443 de
1347 2403 1404 2443 his
1419 2413 1539 2458 agunt
1555 2401 1646 2455 Syl·

385 2461 546 2515 burgius
565 2460 607 2501 &
627 2459 820 2502 Kuhnius.
839 2457 939 2500 Add.
959 2458 1184 2513 interpretes
1201 2456 1398 2512 Stephani.
