1754 3120
344 169 433 217 182
631 164 1319 214 THUCYDIDIS

339 260 409 315 ἇε)
432 285 510 333 προ
530 285 600 314 του
623 266 905 330 τειχίσματος
929 256 1022 318 τοῦς
1048 259 1388 332 Συρακουσίους,
1417 252 1495 313 κα)
1516 257 1609 320 τους

341 337 618 409 Ξυμμαχους·
644 359 722 388 και
746 343 778 388 οἱ
803 336 1044 396 Ἀθηναῖοι
1023 335 1445 418 αντιπαρετοίσσοντο.
1466 331 1608 398 ἐπειδη

341 407 387 467 δῖ
406 412 514 478 ἔδοξε
531 415 759 483 Γυλίππῳ
776 435 915 484 καιρος
934 411 1058 467 εἶναι,
1075 417 1175 484 ἦρχε
1190 437 1260 472 της
1281 413 1451 476 ἒφὸὃου,
1472 436 1551 465 και
1571 415 1610 465 ἒν

345 489 469 563 χερσ)
490 511 697 560 γενομενοι
725 487 934 558 ἐμάχοντο
958 489 1125 558 μεταξι)
1151 511 1227 540 των
1249 489 1608 558 τειχισμοὶτων,κ
1589 546 1599 555 ,

343 591 414 628 της
430 568 564 619 ίππου
581 590 658 618 των
674 564 974 660 Συρακουσίων
989 565 1010 630 [
1023 562 1100 615 κα)
1116 588 1194 616 των
1207 565 1486 635 ξυμμάχων]
1501 565 1612 616 ουδέ-

347 649 434 715 μία
453 666 601 736 χρησις
620 637 674 703 ἠν
696 663 773 693 και
793 638 1016 702 νικηθέντων
1031 664 1108 693 των
1126 640 1425 712 Συρακουσίων
1439 663 1517 693 και
1533 663 1612 695 των

345 720 619 791 ξυμμαχων,
641 715 718 770 κα)
746 714 902 789 νεκροὺς
927 717 1209 774 ὑποσπονὸους
1234 713 1510 789 ἀνελομένων,
1531 740 1613 769 και

347 819 427 849 των
444 796 662 856 Ἀθηναίων
674 816 866 866 τροπαιον
881 816 1120 854 στνο-αντων
1130 831 1142 848 ‚
1158 817 1175 845 ο
1164 791 1423 885 Γυλίππος
1438 795 1612 858 {vynco-

348 869 489 930 λέσας
514 895 559 923 το
586 893 863 962 στρατευμα,
899 893 973 922 ουκ
998 866 1085 933 ἔφη
1110 893 1155 922 το
1188 892 1433 942 αμαρτημα
1462 871 1616 922 ἐκείνων

348 953 462 1000 ἀλλ’
480 970 611 999 αυτου
633 943 865 1013 γενέσθαι.
892 971 962 1007 της
987 969 1078 1014 γαρ
1097 945 1232 998 ἰππου
1251 944 1330 998 κα)
1347 969 1427 998 των
1447 951 1614 998 ἄκοντι-

347 1048 457 1077 στων
470 1048 539 1085 την
552 1020 769 1086 ὠφέλειαν
779 1060 791 1078 ,
806 1046 854 1087 τη
832 1022 1016 1086 ταξει’
1006 1045 1109 1081 εντος
1126 1027 1226 1075 λίαν
1238 1046 1316 1075 των
1332 1045 1481 1086 τειχων
1493 1045 1617 1082 ποιη-

347 1123 435 1159 σας
447 1139 458 1156 ,
474 1097 817 1164 ἀφελέσθαι.
777 1122 836 1151 νυν
852 1094 916 1152 οὐν
930 1094 1045 1157 αὐθις
1060 1098 1242 1162 ὲπαξειν.
1256 1122 1334 1151 και
1311 1095 1616 1158 διανοεῖσθαι

349 1177 478 1235 οὕτως
498 1173 683 1228 ἐκέλευεν
702 1172 852 1233 αὐτοῦς
874 1176 928 1234 ὡς
943 1198 990 1229 τη
1010 1197 1086 1247 μεν
1105 1196 1359 1248 παρασκευὴ
1380 1198 1455 1230 ουκ
1473 1170 1618 1227 ελασ-

348 1277 419 1306 σον
444 1248 631 1316 ἕξοντας,
658 1255 708 1316 τῇ
736 1243 782 1306 δε
807 1250 981 1322 γνώμη,
1008 1273 1082 1304 ουκ
1108 1274 1271 1310 ανεκτον
1298 1251 1483 1322 ἐσόμενον
1503 1258 1536 1302 εἰ
1555 1274 1619 1320 μη

344 1329 604 1385 &awo-oum,
627 1325 966 1389 Πελοποννησιοί
978 1351 1024 1380 τε
1044 1325 1149 1386 ὄντες
1167 1349 1245 1380 και
1263 1328 1457 1402 Δωριεις,
1475 1326 1633 1379 Ιῶνιονχ

344 1499 422 1526 nos
452 1485 495 1526 &
517 1484 645 1526 socios
665 1485 707 1525 in
732 1485 852 1526 aciem
873 1495 984 1526 extra
1003 1485 1262 1526 munitionem
1283 1484 1536 1540 producebat.
1566 1483 1616 1525 Et

347 1555 600 1597 Athenienses
628 1557 748 1596 aciem
780 1555 852 1596 illis
880 1555 1095 1611 oppositam
1126 1555 1376 1596 instruebant.
1410 1554 1618 1610 Postquam

347 1637 479 1667 autem
495 1626 677 1680 Gylippo
691 1637 846 1681 tempus
869 1637 1139 1681 opportunum
1159 1625 1282 1667 adeffe
1304 1624 1431 1667 visum
1455 1623 1531 1675 est,
1547 1625 1619 1666 ho-

347 1697 422 1738 stes
441 1696 547 1751 prior
569 1695 761 1750 aggressus
785 1695 851 1736 est.
886 1696 936 1737 Et
959 1709 1050 1737 cum
1073 1696 1119 1736 ad
1145 1709 1282 1737 manus
1302 1694 1513 1746 venissent,
1539 1703 1620 1750 pu-⁴

347 1776 515 1819 gnarunt
534 1766 575 1804 in
597 1777 647 1806 eo
668 1763 820 1819 spatio,
839 1764 946 1819 quod
969 1765 1068 1805 inter
1090 1776 1351 1819 utrorumque
1380 1765 1620 1806 munitiones

346 1846 451 1883 erat,
473 1834 542 1874 ubi
564 1833 692 1874 nullus
711 1844 795 1874 erat
818 1832 906 1874 usus
930 1835 1124 1888 equitatus
1144 1834 1482 1888 Syracusanorum
1498 1846 1616 1890 atque

346 1901 554 1943 sociorum.
584 1903 689 1944 Cum
715 1910 845 1944 autem
877 1903 1109 1957 Syracusani
1132 1905 1175 1946 δι
1202 1905 1295 1946 socii
1323 1905 1416 1947 victi
1438 1903 1619 1956 fuiffent,

345 1967 586 2028 suorumque
603 1975 789 2015 cadavera
810 1974 885 2015 fide
903 1975 1056 2030 publica
1069 1974 1293 2030 interposita
1311 1974 1556 2025 sustulissent,
1572 1975 1617 2016 δι

348 2043 600 2084 Athenienses
627 2055 831 2097 tropaeum
863 2041 1087 2092 erexiffent3
1121 2038 1351 2097 Gylippus,'
1386 2042 1620 2084 convocatis

347 2114 491 2168 copiis,
517 2127 599 2154 non
620 2113 796 2162 illarum,
815 2113 877 2154 sed
890 2113 995 2154 suam
1017 2113 1171 2168 culpam
1193 2113 1301 2154 fuiffe
1319 2113 1422 2156 dixit.
1444 2112 1494 2154 Se
1511 2111 1616 2153 enim

346 2183 540 2236 equitatus
560 2196 604 2223 ac
619 2181 780 2227 velitum
800 2181 912 2229 usum
936 2181 1022 2237 ipsis
1037 2181 1235 2236 eripuisse,
1255 2181 1363 2236 quod
1385 2183 1483 2223 inter
1502 2192 1618 2224 utro-

345 2268 511 2309 rumque
537 2255 772 2295 munitiones
795 2255 834 2295 in
852 2254 944 2294 loco
964 2253 1074 2295 nimis
1095 2252 1257 2307 angusto
1280 2252 1402 2293 aciem
1423 2250 1617 2296 instruxis-

347 2323 413 2364 set.
445 2324 560 2364 Nunc
580 2334 708 2363 autem
732 2322 770 2363 se
796 2321 925 2363 rursus
951 2321 1192 2363 educturum.
1224 2321 1364 2375 Quare
1389 2320 1546 2362 iubebat
1571 2319 1618 2360 il·

347 2390 409 2432 los
426 2389 477 2430 ita
501 2389 628 2431 secum
647 2393 822 2445 cogitare
835 2422 846 2440 ,
870 2390 908 2431 se
928 2390 1081 2445 quidem
1103 2401 1293 2445 apparatu
1312 2388 1513 2431 inferiores
1534 2402 1617 2432 non

347 2458 504 2502 futuros
516 2475 531 2512 3
555 2462 694 2503 animis
717 2475 818 2504 vero
845 2461 896 2504 fic
919 2460 993 2503 effe
1018 2460 1282 2513 statuendum,
1312 2460 1471 2503 minime
1494 2458 1620 2512 fei-eur,
