1754 3120
362 172 452 232 5½
557 169 1429 220 ANNOTATIONES

353 260 462 301 Dein
493 261 649 301 auribus
675 274 755 302 non
785 262 910 316 parcit
943 262 1128 317 amplius,
1164 273 1208 303 ut
1236 275 1375 325 nempe
1407 261 1550 311 effent,
1580 265 1623 304 in

354 315 498 368 quibus
517 316 700 356 iudicium
724 317 808 356 eius
827 315 1021 356 defideres.
1042 316 1106 356 De
1130 316 1360 358 lithotomits
1382 318 1471 358 vide
1493 317 1628 363 Aelia·¹

354 381 451 408 num
473 370 568 410 var.
592 368 687 409 Hist.
711 369 807 417 XII,
833 385 896 419 44.
915 371 1062 410 WAss.

413 426 488 462 ead.
513 424 537 462 l.
557 422 593 462 8.
614 424 892 477 Ξυννενημένων)
909 423 951 463 Id
972 423 1050 470 est,
1070 423 1360 476 σεσωρευμένων,
1378 425 1533 466 Suidas:
1558 423 1621 465 sed

357 488 544 530 corrupte
565 476 818 529 ξυνενημένων.
842 479 988 518 WASS.
1007 477 1131 531 Recta
1158 476 1212 517 est
1238 478 1426 532 scriptura
1449 479 1622 532 vulgata.

357 531 480 583 Apud
503 531 748 570 Herodotum
774 532 859 585 plus
881 530 995 571 semel
1018 532 1093 572 hoc
1114 531 1350 572 vocabulum
1372 533 1534 586 legitur,
1556 547 1624 574 cu-

357 584 419 624 ius
439 584 526 624 loca
548 585 587 623 in
611 585 784 625 Lexicon
808 585 985 625 Ionicum
1010 586 1176 626 contulit
1200 584 1350 626 Portus.
1373 585 1471 626 Add.
1494 586 1626 626 Eusta-

358 638 482 731 {lium
503 638 550 677 ad
575 635 738 679 Home‘r.
766 638 871 678 Iliad.
895 639 942 686 η’,
958 651 1044 694 pag.
1064 639 1141 694 689
1155 668 1167 687 ‚
1186 639 1415 693 Etymolog.
1435 641 1494 681 M.
1514 640 1557 680 δι
1575 641 1625 680 ad

414 721 425 738 ‚
478 706 499 732 2
521 702 716 732 annotata.

413 704 486 786 caii.
501 746 524 784 l.
553 759 612 785 10.
639 745 775 800 At‘rsssl)
799 745 898 800 Reg.
915 745 1028 797 δίψῃ.
1052 746 1256 800 quomodo
1275 746 1316 787 δι
1335 746 1409 794 IV,
1433 761 1480 802 35
1498 747 1627 802 Marg.

358 798 481 849 sidus
510 812 583 853 pro
609 799 760 851 Σίιψους.
795 801 932 852 Almia,
962 800 992 840 fi
1015 800 1243 841 Phavorino
1273 802 1486 849 credimus,
1516 801 1628 842 dice-

361 854 454 893 bant
483 864 658 900 veteres,
678 854 795 906 ‹fi-405
816 855 1058 895 recentiores.
1079 855 1183 895 Nam
1205 855 1258 894 ita
1281 855 1362 895 ille:
1380 855 1493 906 Δίψοι
1513 858 1630 895 θηλυ-

364 905 434 946 κοῧ
455 908 588 961 ’γένους
611 909 719 956 ἐστὶ,
741 911 786 948 το
805 908 851 948 δὲ
867 907 982 960 ‹91¹4oe
1004 908 1077 949 τῶν
1096 904 1251 962 ὑστέρων
1272 908 1382 948 ἐστίν.
1401 904 1558 962 Ὅμηρος
1579 909 1627 950 ἑὲ

360 961 491 1011 δίψαν
515 957 607 1002 οἶέε.
640 961 705 1002 De
731 963 910 1003 Homero
937 964 1046 1016 quod
1067 962 1179 1009 dicit,
1203 975 1342 1003 verum
1377 962 1448 1004 est:
1478 961 1627 1017 semper

360 1015 464 1055 enim
489 1015 621 1064 Sidon,
641 1028 844 1071 nunquam
877 1015 992 1067 ἓίψος
1012 1017 1112 1070 apud
1138 1029 1227 1057 eum
1250 1017 1400 1078 legitur.
1426 1017 1510 1057 Nec
1529 1016 1631 1058 refu-

363 1070 474 1123 giunt
497 1069 744 1111 recentiores.
772 1070 911 1111 Pollux
935 1071 1021 1118 VI,
1049 1084 1092 1124 31
1108 1101 1119 1120 ‚
1142 1072 1190 1109 Τὶι
1216 1085 1390 1124 πραγμοι
1423 1069 1528 1122 δίψει
1561 1071 1629 1111 καὶ

365 1123 501 1174 statos.
523 1123 716 1164 Lucianus
739 1124 842 1165 Dial.
866 1135 981 1165 mort.
1003 1137 1091 1179 pag.
1120 1138 1192 1179 301
1206 1154 1218 1173 ‚
1235 1126 1304 1165 Τὴν
1324 1124 1450 1176 simiai!
1465 1125 1631 1175 πεφοβη-

361 1178 482 1231 μένος.
507 1176 781 1232 Aristophanes
803 1179 929 1232 Equit.
950 1193 989 1219 ν.
1013 1192 1084 1232 531
1098 1209 1111 1226 ,
1130 1176 1234 1230 Δίψῃ
1258 1178 1297 1219 θ’
1318 1178 1536 1220 ἀπολωλώς.
1553 1178 1627 1219 Sed

364 1232 668 1284 proverbiorum
689 1230 935 1273 Graecorum
952 1232 1180 1286 scriptores,
1201 1233 1242 1272 δι
1257 1231 1394 1273 Suidas
1411 1233 1450 1272 in
1465 1245 1632 1287 prover-

365 1285 439 1326 bio
461 1289 607 1336 Δελφος
625 1286 730 1338 ἀνὴρ,
749 1287 799 1326 ad
818 1287 926 1340 quod
943 1286 1090 1340 respicit
1110 1285 1318 1335 Comicus,
1337 1286 1476 1327 habent
1495 1285 1628 1338 8142:

364 1350 405 1378 at
424 1339 558 1380 Suidas
580 1340 619 1378 in
639 1339 768 1381 Κοννᾶς
794 1339 902 1392 ἒίψῃ.
922 1339 968 1380 In
987 1340 1144 1381 Polluce
1162 1353 1321 1394 quoque
1342 1339 1382 1389 1,
1412 1339 1482 1380 168
1507 1341 1631 1380 variat

361 1393 558 1447 scriptura.
574 1393 673 1434 Illud
693 1407 744 1434 ex
757 1396 937 1435 Homero
961 1393 1133 1441 constat,
1155 1395 1351 1447 antiquius
1372 1393 1446 1435 effe
1464 1391 1483 1436 ἦ
1509 1394 1631 1446 simler.

421 1449 495 1487 ead.
517 1448 540 1487 l.
567 1462 625 1487 12.
648 1448 811 1489 Κοτύλην
826 1470 904 1479 --
922 1449 1044 1503 σίτου)
1063 1448 1236 1488 Laudant
1253 1448 1389 1488 Pollux
1406 1447 1507 1498 VII,
1534 1462 1630 1502 195,

365 1501 593 1542 Athenaeus
615 1501 699 1550 XI,
723 1502 759 1542 8.
782 1503 877 1544 haec
901 1503 1076 1545 mensura
1099 1503 1232 1543 uncias
1251 1502 1364 1543 habet
1383 1502 1534 1543 Italicas
1558 1514 1633 1542 no-

366 1569 487 1602 vem,
507 1557 640 1596 hemina
663 1557 818 1599 decem:
845 1558 1003 1612 quando
1027 1558 1223 1598 aridorum
1252 1554 1427 1597 mensura
1454 1557 1634 1597 contine-

366 1609 438 1649 bat
464 1607 638 1662 ὀξύβαφα
662 1621 855 1664 quatuor,
880 1612 1013 1651 uncias
1035 1624 1182 1651 novem
1196 1641 1207 1659 ‚
1231 1611 1389 1665 quando
1406 1610 1484 1650 olei
1507 1610 1550 1651 δι
1570 1611 1631 1650 vi·

366 1664 408 1703 ni
434 1663 612 1704 mensura
635 1664 808 1717 ὀξύβαφα
839 1676 1021 1719 quatuor.
1045 1664 1248 1718 Cyamus,
1270 1665 1426 1711 hemina,
1457 1662 1628 1705 Gloffae.

368 1717 541 1758 Κοτὺλοις
572 1717 638 1757 ἒύο
667 1718 794 1770 κριθῶν
819 1719 1068 1768 Plutarchus,
1092 1719 1260 1768 ἀλφίτων
1289 1717 1357 1758 snio
1380 1718 1555 1771 χοίνικας
1579 1730 1631 1759 ex

368 1771 524 1812 Dioclis
550 1771 738 1812 sententia
765 1774 874 1813 datas
904 1784 1034 1813 narrat
1057 1773 1271 1813 Diodorus.
1295 1772 1520 1812 Athenaeus
1543 1784 1632 1826 pag.

370 1825 450 1875 478
476 1825 536 1865 hic
561 1825 740 1867 {sisomv
771 1827 839 1878 μὲν
867 1827 991 1867 habet.
1015 1826 1162 1868 Confer
1187 1825 1354 1867 Eustath.
1382 1827 1450 1880 qui
1474 1838 1547 1880 pro
1569 1827 1631 1865 σι’-

367 1893 439 1919 του
452 1879 543 1932 legit
556 1879 679 1932 κριθῶν
691 1894 779 1920 cum
793 1881 997 1922 Plutarcho
1009 1912 1022 1928 ‚
1039 1880 1102 1921 sed
1115 1880 1200 1921 Mff.
1213 1894 1295 1921 non
1307 1881 1468 1920 variant.
1484 1881 1631 1920 WAss.

369 1932 435 1973 Est
451 1933 554 1987 apud
570 1933 808 1975 Eustathium
832 1935 871 1975 in
892 1935 993 1975 Iliad.
1016 1934 1074 1990 χ’,
1092 1948 1178 1989 pag.
1205 1934 1324 1983 1282,
1345 1934 1454 1975 cuius
1472 1933 1633 1987 scriptu-

371 1987 676 2041 ram‘improbat
694 1988 948 2030 casaubonus
973 1990 1020 2030 ad
1048 1989 1192 2029 Athen.
1227 1989 1251 2029 l.
1281 1989 1317 2028 d.
1345 1988 1446 2029 Add.
1474 1987 1637 2042 Iunger-

370 2053 500 2081 mann.
523 2041 570 2082 ad
592 2041 804 2083 Pollucem.

426 2098 502 2135 ead.
524 2097 547 2136 l.
577 2109 637 2150 13.
659 2096 712 2137 Ἐν
736 2097 791 2147 τῷ
815 2097 968 2148 τοιούτῳ
988 2096 1116 2151 χωρίῳ
1139 2094 1468 2150 ἑμπεπτωκὸτοις)
1482 2094 1560 2135 Pro
1580 2094 1635 2135 εἰς

369 2147 514 2189 τοιοῦτο
542 2148 689 2202 χωρίον.
711 2150 924 2205 Stephanus
947 2151 1125 2206 Append.
1154 2151 1201 2191 ad
1222 2150 1360 2203 Script.
1386 2149 1434 2190 de
1462 2148 1567 2189 Dial.
1593 2163 1633 2203 p.

373 2215 462 2252 124.
484 2204 585 2244 Vide
610 2205 657 2243 ad
679 2204 761 2252 111,
790 2219 886 2255 105,
920 2206 961 2246 &
992 2207 1038 2246 ad
1071 2217 1156 2259 cap.
1186 2219 1233 2257 17
1257 2204 1372 2244 huius
1397 2203 1498 2243 libri.
1517 2203 1634 2243 Ana-

372 2269 493 2297 creon
520 2258 622 2310 apud
646 2258 787 2299 Athen.
814 2258 895 2309 VI,
923 2274 965 2314 3,
990 2271 1078 2314 pag.
1113 2273 1214 2312 229,
1242 2257 1354 2311 Χεῖρίι
1378 2257 1414 2296 τ’
1441 2256 1478 2296 ἐν
1498 2253 1634 2311 ἷνγίινῳ

368 2310 515 2375 βαλεῖν.
532 2311 753 2374 βορὴοάεε
774 2313 885 2354 Aiac.
925 2328 966 2353 11
985 2343 997 2363 ‚
1026 2312 1085 2355 Μὴ
1116 2309 1233 2354 αὐτος
1265 2312 1302 2353 ἐν
1333 2308 1508 2353 θανοῦσιν
1535 2306 1636 2364 ὑβρι-

369 2379 466 2404 orne
521 2379 592 2405 ενκ.

423 2378 517 2472 1)αέ
541 2406 628 2473 324.
649 2420 676 2460 l.
702 2433 763 2460 10.
789 2417 909 2461 Οὖὲὲν
931 2420 1059 2473 ὀλίγον
1085 2421 1123 2461 ἐς
1150 2415 1256 2461 οὗέὲν
1278 2414 1637 2472 adnumeremur)

361 2467 469 2512 Idem
496 2485 618 2527 genus
637 2474 824 2529 loquendi
845 2474 900 2516 est
922 2474 1039 2530 supra
1065 2487 1149 2529 cap.
1183 2487 1230 2529 59
1245 2503 1257 2524 ,
1283 2473 1435 2528 Ὀλίγον
1465 2467 1572 2516 obstr
1601 2473 1642 2514 ἐς
