1754 3120
331 166 432 206 '200
628 150 1318 200 THUCYDIDIS

338 273 420 302 και
440 245 733 321 Ἡγῆσανὸρος
758 243 996 304 Θεσπιευς.
1024 267 1130 298 ουτοι
1146 267 1224 316 μεν
1246 240 1311 297 οὖν
1334 245 1371 296 ἒν
1388 268 1470 303 τοις
1479 267 1606 335 πρω·

341 350 424 384 τοις
449 322 734 416 ὁρμήσαντες
727 319 819 375 ἀπο
842 323 914 375 τοῧ
935 319 1146 413 Ταινάρου
1170 345 1240 382 της
1264 319 1577 381 Λακωνικης,
1566 342 1608 379 ες

339 425 386 455 το
405 397 611 466 πέλαγος
629 405 702 452 αθ
665 422 823 463 ψηκαν.
844 421 964 471 μετα
982 389 1027 449 ὃε
1045 394 1207 456 τούτους
1219 397 1409 489 Κορίνθιοι
1429 400 1474 448 οὐ
1491 410 1608 448 πολ,

341 478 414 550 aa}
433 500 594 550 υστερον
621 482 922 536 πεντακοσίους
947 477 1155 532 ὁπλίτας,
1175 497 1268 532 τους
1291 496 1389 544 μεν,
1412 475 1456 536 ἒξ
1480 494 1608 534 αυτης

339 554 551 627 Κορίνθου,
581 577 674 614 τους
699 544 743 604 δε
757 590 770 608 ,
797 549 1244 624 προσ-μισθωσάμενοι
1269 549 1506 640 Ἀρκαδων,
1531 571 1611 600 και

343 629 536 703 ἄρχοντα
552 626 816 720 Ἀλέξαρχον
831 628 1027 724 Κορίνθιον
1047 626 1420 699 προσταξαντες,’
1399 621 1612 695 απέπεμ-

342 706 452 771 ψαν.
473 701 741 758 ἀπέστειλαν
763 697 808 756 δε
830 726 908 756 και
934 702 1156 756 Σικυώνιοι
1176 702 1408 760 διακοσίους
1427 704 1614 758 ὁπλίτας

324 783 452 853 ,ὁμου
473 806 554 840 τοις
559 782 847 855 Κορινθίοις,
826 804 878 832 ων
897 774 995 851 ἦρχε
1017 776 1224 852 Σαργευς
1243 777 1485 867 ’ΝΣικυῶνισᾳ
1505 801 1553 829 αι
1544 768 1616 828 δε

344 856 468 913 πέντε
484 881 562 911 και
578 859 707 910 εἴκοσι
721 880 802 919 νηες
817 880 895 909 των
909 856 1118 929 Κορινθίων
1135 877 1183 907 αι
1196 855 1268 907 τοῦ
1280 877 1486 925 χειμωνος
1497 867 1617 914 πλη-

348 937 552 1024 ρωθεισαι
569 934 801 1008 ανθωρμουν
820 935 915 991 ταῖς
934 934 970 984 ἒν
989 955 1037 996 τῃ
1015 930 1332 1002 Ναυπακτῳ
1352 931 1497 983 εἴκοσιν
1511 929 1616 981 Ἀτ-

347 1035 511 1070 τικαις,
533 1006 698 1080 ἕωσπερ
719 1012 858 1067 αὐτοις
877 1033 911 1061 οι
931 1011 1113 1060 ὀπλιτοοι
1127 1030 1223 1066 ταις
1242 1004 1424 1060 &Anao-av
1442 1002 1534 1058 ἀπο
1547 1027 1618 1066 της

347 1086 711 1149 Πελοποννησου’
688 1090 870 1179 απῇραν
883 1080 1008 1152 οὑπερ
1021 1106 1144 1137 ενεκα
1154 1106 1231 1137 και
1241 1083 1468 1156 τοπρὸτερον
1481 1085 1632 1142 ἐπλη-.

349 1163 605 1257 ρωθησαν,“
579 1188 693 1223 οπως
707 1188 770 1235 μη
786 1188 818 1216 οι
836 1162 1038 1222 Ἀθηναιοι
1057 1184 1159 1234 προς
1178 1182 1259 1219 τας
1278 1158 1473 1218 ὁλκάδας
1490 1159 1621 1231 μαλ-

350 1257 424 1296 λον
446 1266 469 1304 η
489 1264 591 1315 προς
608 1263 688 1299 τας
705 1260 867 1314 τριηρεις
886 1238 968 1291 νοῧν
989 1234 1159 1300 ἔχωσιν.

349 1409 451 1448 con,
476 1396 677 1444 Thebani,
702 1395 744 1438 δι
763 1394 1010 1450 Hegesander
1032 1392 1288 1448 Thespienfis.
1308 1391 1372 1433 Isti
1397 1391 1511 1446 igitur
1526 1390 1625 1431 inter

349 1472 502 1527 primos
525 1482 549 1511 a
576 1470 759 1512 Taenaro
781 1468 1000 1510 Laconicae
1021 1465 1211 1522 profecti,
1243 1465 1283 1505 in
1308 1464 1427 1506 altum
1448 1463 1542 1505 ‘vela
1567 1462 1628 1504 fe·

350 1550 502 1581 cerunt.
535 1538 624 1580 Post
647 1538 789 1579 horum
812 1547 944 1578 autem
966 1535 1183 1584 disceffum,
1210 1533 1400 1576 Corinthii
1425 1546 1508 1575 non
1526 1531 1629 1573 mul·

352 1622 398 1653 to
417 1610 503 1665 post
522 1608 706 1651 miserunt
724 1609 963 1663 quingentos
979 1607 1109 1662 gravis
1130 1616 1350 1647 armaturae
1371 1604 1528 1654 milites,
1540 1616 1628 1658 par-

350 1682 422 1723 tim
447 1679 601 1734 quidem
621 1692 671 1720 ex
695 1677 774 1732 ipsa
798 1677 1021 1728 Corintho,
1048 1678 1190 1732 partim
1208 1688 1310 1718 vero
1334 1689 1384 1717 ex
1409 1674 1627 1716 Arcadibus

353 1750 533 1797 mercede
544 1749 760 1791 condustos
770 1778 782 1795 ,
798 1747 840 1789 &
852 1748 1115 1794 Alexarchum
1127 1746 1375 1788 Corinthium
1385 1776 1397 1795 ‚
1409 1758 1526 1800 quem
1539 1743 1629 1800 ipfis

353 1821 495 1864 ducem
519 1818 803 1875 praefecerunt.
832 1819 1012 1872 Sicyonii
1032 1830 1195 1872 quoque
1213 1831 1302 1860 cum
1324 1815 1536 1859 Corinthiis
1556 1815 1629 1856 du-

353 1901 496 1930 centos
521 1889 653 1944 gravis
681 1898 900 1930 armaturae
928 1887 1066 1928 milites
1099 1886 1304 1937 miserunt,
1324 1886 1470 1941 quibus
1495 1897 1631 1941 praee-

354 1974 418 2004 rat
431 1963 598 2016 Sargeus
620 1962 847 2013 Sicyonius.
868 1960 960 2003 Illae
986 1971 1116 2005 autem
1136 1960 1309 2014 quinque
1328 1958 1371 2001 81.
1393 1958 1535 2013 viginti
1547 1958 1628 2000 Co-

354 2030 590 2073 rinthiorum
614 2042 759 2079 naves,
780 2041 881 2083 quae
900 2040 969 2082 per
984 2027 1154 2070 hiemem
1180 2025 1386 2067 instruaae
1406 2025 1579 2076 fuerant,
1603 2037 1629 2067 e

355 2101 521 2152 regione
533 2100 674 2153 viginti
686 2099 911 2140 Atticarum
922 2097 1081 2138 navium
1092 2127 1105 2146 ,
1122 2109 1222 2150 quae
1235 2095 1282 2137 ad
1291 2094 1535 2150 Naupafimm
1555 2093 1629 2135 sta-

355 2168 475 2218 bant,
499 2168 542 2207 in
566 2166 732 2209 statione
758 2165 1002 2216 manserunt,
1025 2165 1149 2205 donec
1171 2162 1228 2204 isti
1253 2163 1384 2218 gravis
1408 2173 1628 2203 armaturae

355 2236 496 2282 milites
508 2267 521 2286 ‚
539 2235 607 2290 qui
627 2236 794 2279 navibus
811 2235 999 2276 onerariis
1015 2247 1065 2275 ex
1076 2231 1345 2287 Peloponneso
1365 2231 1628 2281 vehebantur,

357 2305 588 2350 mnfiffent:
613 2306 724 2348 cuius
747 2307 862 2348 etiam
883 2306 939 2346 rei
961 2303 1074 2347 causa
1101 2304 1277 2346 triremes
1300 2301 1390 2344 istae
1413 2302 1520 2358 prius
1542 2301 1629 2343 fue-

358 2387 447 2420 rant
465 2375 694 2426 instructae,
711 2389 763 2417 ne
786 2363 1040 2417 Athenienses
1060 2373 1106 2417 ad
1121 2373 1319 2415 onerarias
1333 2385 1452 2417 naves
1472 2373 1605 2428 potius
1609 2381 1629 2421 ,‘

358 2463 478 2510 quam
502 2449 550 2492 ad
574 2450 772 2500 triremes,
792 2446 964 2491 animum
984 2446 1239 2490 adverterent.
