1702 3112
311 202 400 251 166
593 201 1284 253 THUCYDIDIS

303 302 386 357 τοῖς
406 297 606 351 ἒποιουντο
626 294 943 393 ξυμβατικους,
963 323 1041 352 και
1061 324 1161 374 προς
1178 325 1243 354 τον
1260 303 1436 355 Νικίαν.
1455 325 1570 362 ουτος

303 398 398 442 γαρ
421 368 469 436 δη
488 375 607 463 μόνος
628 375 717 438 εἶχε
737 375 976 446 Λαμάχου
997 377 1204 436 τεθνεῶτος
1228 401 1298 440 την
1322 377 1471 452 ἀρχήν.
1493 402 1575 431 και

302 449 481 523 κόροιο-ις
508 471 584 523 μεν
612 451 823 520 ουὸεμια’
812 457 1028 516 εγίγνετο,
1055 451 1125 506 οἱα
1148 446 1194 506 δε
1221 450 1327 512 εἶκος
1352 455 1575 529 ἀνθρώπων

302 525 558 617 ἀπορουντων
568 564 579 582 ,
595 549 671 578 και
684 529 863 597 μᾶλλον
875 551 898 588 η
915 525 1057 601 [πριν]
1073 513 1430 601 πολιορκουμένων
1432 568 1444 587 ‚
1457 543 1576 583 πολ-

301 601 372 656 λα
406 600 579 668 ἐλεγετο
608 627 709 676 προς
735 625 780 655 τε
811 606 972 660 ἐκεῖνον,
994 627 1071 656 ιιαι
1099 612 1241 658 πλείω
1271 629 1331 658 ετι
1359 629 1484 659 κατα
1503 629 1574 669 την

302 681 442 735 πόλιν.
471 703 548 731 και
576 701 669 747 γαρ
697 701 791 732 τινα
817 703 894 732 και
932 679 1124 747 ὑποψίαν
1151 678 1233 733 ὑπο
1260 706 1338 735 των
1362 703 1574 776 παροντων

302 779 452 808 κακων
477 757 516 814 ἐς
538 754 765 816 ἀλλήλους
788 755 911 820 εἰχον
939 780 1017 808 και
1039 782 1133 816 τους
1151 780 1416 847 στρατηγους
1432 781 1478 811 τε
1498 761 1572 823 ἐφ’

301 826 355 883 Zm
371 836 510 889 αὐτοις
524 831 669 883 ταῦτα
687 830 881 894 ξυνέβη*
856 855 1052 885 επαυσ-αν
1062 871 1074 889 ,
1093 836 1148 892 ὡς
1162 859 1185 895 η
1169 827 1457 906 δυσ-τυχία’
1434 859 1457 896 η
1469 858 1575 908 προ-

301 908 427 959 ὃοσ-ιά
451 932 497 972 τη
519 911 673 960 ἐκείνων
691 909 920 979 βλαπτομ
923 932 1014 964 ενοι,
1038 933 1115 962 και
1135 910 1305 969 ἄλλους
1323 914 1573 968 ανθείλοντο,

302 983 594 1072 Ἡρακλείδην
600 1008 676 1036 και
657 982 874 1036 Εὐκλέα
892 1008 969 1037 και
990 986 1205 1039 Τελλίαν.

68 1077 280 1122 Be11.Pe10p.
363 1008 542 1132 ΡρὸἘν
558 1052 603 1112 δε
621 1061 756 1131 τοῧτῳ
775 1058 844 1113 Γ
819 1073 1010 1119 υλιππος
1029 1066 1048 1113 ὁ
1067 1061 1408 1132 Λακεδαιμόνιος
1425 1086 1503 1116 και
1523 1067 1573 1116 αἱ

112 1135 167 1156 an.
186 1123 236 1156 18.

106 1166 250 1212 Olymp
303 1135 394 1189 ἀπο
414 1136 485 1199 τῆς
507 1135 763 1227 Κορίνθου
718 1160 802 1198 meg
819 1160 912 1229 περι
936 1138 1152 1191 Λευκάδα
1170 1134 1284 1200 ηὸη’
1259 1162 1388 1200 »ιο-αν,
1409 1139 1572 1202 βουλο-

68 1222 169 1289 uz<
180 1222 282 1290 {sm
302 1236 413 1285 μενοι
434 1216 473 1271 ἒς
491 1237 560 1274 την
578 1213 791 1266 Σικελίαν
810 1210 882 1265 δια
899 1213 1061 1277 τοίχους
1078 1214 1300 1276 βοηθησαι.
1318 1238 1396 1268 και
1412 1217 1469 1273 ὡς
1487 1220 1573 1266 αὐ-

117 1311 217 1379 liii&
299 1315 383 1349 τοις
402 1296 450 1343 αἱ
469 1294 695 1355 ἀγγελίαι
715 1292 890 1354 ἐφοίτων
907 1288 1057 1346 δειναι,
1078 1313 1156 1342 και
1175 1293 1326 1344 ποῖα-αι
1348 1287 1573 1344 ἐπιτοαυτο

298 1450 584 1506 compofitione
597 1449 768 1493 facienda
786 1464 900 1506 agere
913 1462 1139 1506 coeperunt.
1155 1452 1231 1494 Hic
1244 1452 1367 1503 enim,
1386 1452 1573 1495 defuncto

297 1521 520 1571 Lamacho,
542 1521 749 1576 imperium
777 1519 882 1561 solus
905 1522 981 1561 iam
1011 1521 1185 1562 habebat.
1224 1521 1274 1562 Et
1295 1521 1387 1562 nihil
1411 1521 1571 1576 quidem

297 1592 599 1646 tranfigebatur:
630 1591 692 1632 sed
724 1591 801 1646 (ut
818 1590 904 1632 fieri
935 1590 1031 1633 solet
1055 1592 1103 1632 ab
1125 1591 1369 1641 hominibus,
1392 1593 1462 1647 qui
1482 1590 1571 1633 sunt

296 1661 444 1702 confilii
463 1662 622 1716 inopes,
643 1662 684 1702 δι
710 1661 778 1715 qui
804 1660 1004 1702 obsidione
1032 1659 1175 1701 arctius
1195 1673 1315 1714 quam
1339 1669 1452 1700 antea
1482 1673 1572 1714 pre-

295 1731 477 1781 muntur>
493 1744 584 1772 cum
601 1731 702 1786 apud
722 1730 829 1771 illum
846 1729 970 1771 multa
985 1730 1332 1785 proponebantur,
1346 1739 1430 1770 tum
1451 1730 1570 1770 etiam

294 1801 335 1842 in
355 1800 452 1842 urbe
474 1801 593 1855 longe
613 1801 723 1856 plura
748 1799 986 1840 dicebantur.
1017 1799 1169 1840 Etenim
1199 1799 1242 1840 δι
1265 1799 1456 1854 quaedam
1477 1813 1570 1840 mu-

291 1867 362 1913 tua
380 1872 544 1928 suspicio
564 1885 724 1929 propter
739 1870 952 1927 praesentia
976 1871 1078 1912 mala
1104 1873 1207 1912 inter
1230 1870 1332 1926 ipsos
1354 1883 1437 1913 erat
1463 1881 1570 1915 ortas

293 1942 570 1998 Quamobrem
593 1943 683 2000 ipfis
697 1944 814 1985 etiam
835 1941 1018 1990 ducibus,
1035 1954 1204 1996 quorum
1223 1940 1343 1982 ductu
1362 1940 1456 1982 haec
1476 1940 1566 1996 ipsis

291 2015 530 2064 acciderant,
545 2015 651 2070 quasi
670 2025 830 2070 propter
849 2012 1010 2054 illorum
1025 2012 1091 2054 vel
1105 2012 1371 2054 infelicitatem
1393 2014 1459 2055 vel
1474 2026 1566 2069 pro-

291 2084 476 2126 ditionem
495 2084 620 2126 clades
632 2084 880 2139 accepissent,
893 2085 1097 2138 imperium
1115 2083 1358 2137 abrogarunt
1366 2100 1380 2134 3
1397 2084 1438 2125 &
1450 2084 1565 2135 alios,

290 2151 535 2194 Heraclidem
548 2185 562 2204 ‚
599 2154 642 2195 &
670 2153 854 2204 Euelem,
888 2153 930 2194 δι
957 2153 1124 2195 Telliam
1137 2185 1150 2205 ,
1175 2155 1218 2194 in
1242 2154 1401 2196 illorum
1429 2152 1563 2194 locum

290 2219 565 2276 subrogarunt.

345 2291 454 2332 CIV.
483 2291 633 2333 Interea
653 2305 753 2333 vero
776 2292 975 2348 Gylippus
1003 2293 1351 2341 Lacedaemonius,
1375 2292 1419 2334 δε
1439 2304 1563 2333 naves

288 2359 566 2403 Corinthiacae
597 2362 813 2404 Leucadem
848 2364 925 2404 iam
962 2363 1216 2418 appulerant,
1250 2375 1302 2403 eo
1330 2362 1486 2411 animo,
1516 2372 1562 2401 ut

289 2444 410 2486 quam
433 2431 629 2474 celerrime
650 2433 692 2473 in
706 2431 872 2474 Siciliam
893 2433 941 2473 ad
963 2446 1078 2488 opem
1092 2431 1344 2486 Syracusanis
1360 2429 1559 2471 ferendam

287 2501 515 2544 traiicerent.
545 2502 649 2546 Cum
678 2515 807 2546 autem
839 2514 993 2546 atroces
1024 2503 1148 2546 nuntii
1179 2503 1268 2559 ipsis
1301 2501 1559 2550 afferrentur,
