1754 3120
363 161 1434 242 5ffl-ANN0TAT10NES

359 263 550 317 ἀνθρώπων
563 263 667 304 οἰκέει
682 264 698 305 ὃ
714 263 846 316 θυμός.
866 264 906 305 ’ὃς
919 266 1079 318 χρηστὰ
1100 263 1170 316 μὲν
1190 263 1372 311 ἀκούσας,
1392 262 1544 315 τέρψιος
1561 263 1626 316 ἔμ-

359 318 519 359 πιπλέει
543 322 588 358 το
610 317 734 370 σῶμα.
758 317 965 359 ὑπεναντίοι
985 318 1032 357 Σὲ
1051 319 1214 358 τούτοισι
1236 317 1407 358 &misen
1424 320 1569 359 WAss.

415 373 506 426 Pag.
528 386 614 426 301.
631 373 654 412 l.
681 386 713 426 5.
733 375 826 426 Προς
842 374 922 426 γὰρ
947 394 999 404 -—
1024 370 1237 424 ἀξιοῦντες)
1264 372 1398 412 Suidas
1418 372 1459 411 in
1477 372 1626 418 ἀντιβο-

359 424 452 472 aia,
476 427 544 480 qui
568 425 664 466 male
688 425 912 479 τρεπόμενοι.
930 426 1076 466 WASS.
1107 425 1332 478 Τραπόμενοι
1354 425 1455 466 reae
1484 425 1625 465 retinet

362 479 535 520 Thomas
568 479 761 532 Magister.
785 480 841 519 Ex
863 479 939 518 hoc
969 479 1061 519 loco
1089 479 1330 531 Thucydidis
1351 490 1622 532 argumentum

361 532 598 574 declamandi
620 532 688 573 fibi
712 532 876 574 sumfiffe
896 533 1092 573 Herodem
1114 530 1291 574 Atticum
1304 562 1320 580 ,
1347 542 1477 573 narrat
1493 533 1626 573 Philo-

362 585 500 628 stratus
522 587 560 629 II
582 587 629 627 de
648 587 732 628 Vit.
750 586 955 641 Sophistar.
983 586 1033 626 V.

416 645 491 680 ead.
514 642 537 681 l.
559 640 595 680 8.
615 640 692 681 Τῶν
708 655 752 680 τε
772 655 818 673 -h
835 638 1177 694 ἐκκρεμαννύμενοι)
1196 637 1326 680 Habet
1347 638 1484 679 Suidas
1503 638 1542 678 in
1563 638 1625 678 ἐκ·

363 708 535 747 κρεμανν.
558 694 599 735 &
623 695 785 749 exponit
811 694 1076 747 ἀπηρτημένοι.
1096 694 1180 734 Nec
1204 693 1356 732 variant
1376 691 1461 734 Mff.
1482 691 1625 745 Ἐκκρε-

359 747 579 800 μαννύμενοι
594 747 665 788 τῶν
686 747 886 789 πηὸαλίων
905 748 994 788 dicit
1017 747 1208 788 Lucianus
1229 747 1267 786 ‘m
1283 747 1434 787 Toxari
1454 758 1538 800 pag.
1561 746 1625 799 36.

361 802 480 896 &ud
496 801 810 857 Theophrastum
825 801 879 844 111
897 802 1041 844 Histor.
1058 801 1179 843 Plant.
1197 815 1238 855 9,
1256 801 1623 854 κατακρεμέιννυται.

426 866 510 896 Ass.

418 914 492 950 ead.
515 911 539 950 l.
563 925 599 964 9.
622 908 714 961 Ε’ίτῳ
733 908 779 950 sk
800 907 1031 962 προλείποιῆ
1056 908 1153 962 ῥώμη
1176 931 1221 940 -
1237 908 1345 947 ’orit
1361 903 1498 947 ''ANET
1519 908 1627 947 ’om-

365 968 457 1003 ΪΩΝ
483 963 731 1017 ἐπιθειασμῶν
756 964 821 1002 καὶ
846 962 1011 1017 οἰμωγιῖς
1041 962 1361 1015 ἀπολειπόμενοι)
1391 962 1532 1015 Interp.
1555 977 1625 1001 non

354 1019 432 1072 fine
451 1019 590 1068 multis,
613 1019 636 1058 i.
657 1032 691 1058 e.
710 1017 789 1058 fine
809 1017 910 1058 haud
930 1017 1083 1071 paucis3
1104 1017 1233 1071 quoad
1254 1015 1475 1056 sententiam
1497 1014 1626 1062 recle,

364 1084 439 1112 nec
458 1073 610 1113 variant
627 1071 713 1114 Mis.
732 1068 796 1111 οὐκ
822 1071 877 1112 ἄν.
898 1071 957 1111 ὂλί
990 1103 999 1111 .
1020 1071 1119 1111 idem
1139 1070 1194 1112 est
1213 1080 1332 1123 atque
1354 1066 1420 1110 οὐκ
1443 1070 1529 1110 οὶνευ
1552 1069 1626 1110 ὂλί-

402 1142 446 1167 ων
469 1141 550 1182 γε,
579 1139 659 1168 non
680 1125 759 1166 fine
786 1126 917 1180 paucis
933 1085 1079 1178 sayltem,
1100 1125 1188 1171 vel,
1214 1134 1334 1179 puto,
1355 1123 1384 1163 st
1412 1137 1480 1178 per
1505 1121 1627 1164 libros

381 1181 522 1231 iceret,
547 1180 628 1231 μὴ,
659 1180 746 1221 ἄνευ
775 1175 840 1219 οὐκ.
868 1179 1000 1233 ὀλίγων
1030 1201 1075 1210 -
1100 1177 1405 1229 ἀπολειπόμενοι.
1425 1176 1564 1218 Noster
1583 1176 1626 1227 Ι,

369 1248 442 1284 141
459 1266 470 1282 ‚
492 1237 538 1273 Tb
561 1233 608 1274 ἑὲ
633 1230 670 1274 οὗ
698 1234 846 1280 βέβαιον
870 1237 938 1272 ΜΗ
957 1234 1035 1273 ὈΥ
1053 1232 1343 1287 προαναλώσεινε
1371 1242 1461 1277 aut,
1482 1228 1628 1281 οὐκέτι,

364 1286 452 1329 ἄνευ
472 1285 536 1327 οῦκ
554 1288 699 1342 ὀλίγων.
719 1288 792 1328 Sed
813 1287 905 1327 nihil
924 1298 1073 1327 tentare
1091 1285 1235 1337 ἄμεινον
1249 1314 1262 1331 ,
1280 1286 1371 1339 quia
1385 1284 1515 1327 meiost
1535 1298 1629 1338 qua-

366 1342 454 1384 dam
477 1343 534 1383 uti
552 1343 718 1389 videtur.
740 1341 1024 1393 Traiectionem
1044 1351 1171 1380 tamen
1196 1340 1396 1392 negativae
1419 1338 1629 1393 particulae

394 1396 676 1451 erfrequentem
695 1394 769 1436 effe
790 1395 1119 1450 deprehendimus.
1137 1394 1224 1434 vide
1246 1394 1357 1448 supra
1380 1394 1427 1432 ad
1451 1392 1506 1432 111
1520 1423 1535 1439 ,
1561 1405 1627 1444 95.

366 1410 511 1491 ¹&oster
527 1451 627 1498 VII,
645 1464 719 1500 44,
737 1448 885 1504 κραυγῆ
904 1447 970 1489 οὔκ
986 1449 1091 1503 ὀλίγῃ
1117 1448 1312 1503 χρώμενοι.
1333 1447 1464 1488 Livius
1486 1447 1531 1486 de
1553 1445 1630 1486 Po·

367 1504 507 1557 lybio:
541 1506 802 1557 haudquaquam
822 1504 1033 1557 spernendus
1064 1508 1179 1542 aublor
1192 1532 1206 1549 ,
1229 1502 1305 1542 hoc
1330 1500 1408 1549 est,
1431 1501 1594 1541 idoneus
1611 1530 1627 1549 ,

367 1558 567 1613 probatus.
599 1557 770 1611 Carpere
793 1558 888 1598 haec
922 1556 1069 1604 solent,
1096 1555 1202 1610 quafi
1236 1555 1401 1608 maligne
1422 1553 1629 1602 laudass'et,

367 1613 438 1666 qui
461 1613 587 1654 minus
605 1613 771 1666 capiunt.
791 1611 847 1653 At
868 1624 950 1651 non
968 1612 1020 1651 ita
1042 1609 1107 1651 est.
1126 1609 1246 1650 Dabo
1264 1608 1385 1663 ipsum
1399 1608 1532 1648 testem
1551 1607 1628 1655 IV,

366 1680 423 1711 20
438 1678 449 1706 :
467 1668 581 1707 lovem
599 1680 703 1719 prope
721 1666 756 1720 ip
772 1682 849 1713 um,
873 1666 928 1706 cui
945 1676 1027 1705 vota
1038 1664 1155 1716 ferant
1167 1694 1181 1711 ,
1198 1664 1444 1716 Romulumque
1468 1664 1601 1702 intuens
1612 1692 1628 1709 ,

370 1721 470 1760 haud
475 1722 680 1776 spernendos
690 1720 779 1773 fizfi
791 1720 886 1759 tituli
907 1720 1009 1772 testes.
1031 1717 1179 1759 Confer
1192 1718 1308 1758 etiam
1326 1718 1364 1757 X
1374 1747 1388 1764 ‚
1410 1731 1468 1771 13.
1480 1717 1626 1756 WASS.

439 1779 511 1815 ead.
535 1776 560 1814 l.
591 1789 648 1815 10.
675 1771 753 1814 Οὐκ
778 1771 864 1819 ἄνευ
893 1772 1053 1827 ὀλίγων)
1089 1773 1180 1812 Hoc
1210 1773 1434 1825 interpretes
1458 1769 1513 1810 ita
1542 1782 1630 1810 ver-

370 1838 480 1878 tunt,
502 1841 549 1869 ac
563 1827 591 1868 si
606 1830 643 1868 in
656 1828 815 1869 Graecis
836 1827 1015 1881 scriptum
1035 1825 1124 1867 effet
1144 1823 1209 1865 οῦκ
1233 1826 1319 1865 ἄνευ
1331 1823 1501 1871 πολλῶνς
1519 1823 1627 1877 quod

370 1882 411 1922 δι
436 1882 622 1923 sententia
643 1882 797 1922 videtur
819 1880 1023 1935 postulare.
1052 1881 1136 1920 Nec
1157 1879 1347 1932 intelligo,
1373 1891 1443 1918 cur
1465 1877 1630 1929 Thucy-

368 1936 475 1976 dides
496 1949 570 1991 pro
589 1949 639 1977 eo
662 1935 837 1976 maluerit
866 1936 989 1976 dicere
1011 1930 1075 1974 οὐκ
1094 1933 1181 1974 ἄνευ
1203 1934 1352 1987 ὀλίγων.
1379 1931 1509 1972 Habet
1534 1931 1631 1972 haec

371 1991 490 2036 etiam
511 1991 645 2032 Suidas
661 1991 700 2030 in
718 1988 949 2039 ἑπιθειασμοὶ
971 2001 1049 2028 una
1067 2000 1156 2028 cum
1178 1986 1488 2040 interpretatione
1509 1985 1631 2026 Scho⁴

368 2044 508 2085 liastae.
535 2044 711 2085 DUKER.
732 2041 847 2083 Conf.
868 2042 991 2083 Wass.
1014 2042 1060 2082 ad
1081 2041 1145 2082 lin.
1169 2055 1206 2093 9.
1231 2040 1268 2080 h.
1290 2052 1377 2094 pag.

426 2101 500 2141 ead.
527 2099 550 2139 l.
577 2113 635 2152 13·
660 2096 804 2150 Μείζω)
829 2096 1046 2136 Praeiverat
1072 2094 1343 2147 Bacchylides:
1366 2091 1414 2133 A?
1430 2090 1478 2132 αἲ
1496 2091 1601 2132 τέκος
1616 2122 1630 2142 ,

374 2151 552 2205 ἁμέτερον
570 2151 745 2203 μεῖζονἪ
763 2155 960 2190 ΠΕΝΘΕῙΝ
971 2181 984 2199 ,
1002 2149 1132 2208 ἘΙφοὶνε
1148 2151 1262 2188 κακον
1281 2148 1628 2188 ἈΦΘΕΓΚΤΟΙΣΙΝ

371 2206 461 2247 ἰο-ον.
483 2206 708 2246 Herodotus
725 2205 838 2244 etiam
857 2203 932 2251 111,
952 2219 1024 2253 14,
1040 2204 1087 2241 Ὠ
1106 2202 1190 2243 παῖ
1204 2201 1400 2255 Κύρου,τὲο
1415 2199 1483 2252 μὲν
1502 2197 1628 2240 οἰκήϊοο

372 2253 411 2300 siv
433 2263 556 2299 ΜΕΖΩ
576 2261 685 2299 κακὰ.
706 2259 726 2300 ἢ
746 2255 844 2299 ὥστε
860 2258 1148 2299 'ANAKAAIE1N.
1165 2259 1211 2294 Tb
1234 2255 1280 2295 st
1299 2253 1366 2294 τοῦ
1386 2253 1526 2307 ἑταίρου
1544 2254 1627 2294 πάι·-

373 2313 432 2356 Θος
454 2313 556 2365 αξιον
574 2306 613 2354 ἦν
634 2312 810 2366 Σακρὺων.
832 2311 891 2352 Ibi
909 2325 981 2365 pro
1003 2311 1175 2352 καλέσας
1193 2309 1290 2349 Bod.
1308 2306 1458 2355 βοήσας.
1474 2307 1526 2347 D.
1548 2308 1632 2347 Ha-

371 2367 502 2407 licarn.
526 2366 608 2413 XI,
638 2379 708 2419 39,
734 2365 938 2405 Δεινακαὶ
960 2365 1059 2419 πέρα
1081 2362 1219 2404 δεινῶν.
1247 2363 1438 2403 Herodot.
1459 2359 1522 2410 11,
1554 2373 1598 2414 35
1617 2391 1631 2410 ,

374 2419 472 2474 ’ργα
495 2419 611 2474 λόγου
634 2420 735 2472 μέζω
760 2419 998 2473 παρέχεται.
1026 2417 1168 2461 Noster
1191 2416 1251 2468 ll,
1274 2418 1325 2459 60
1339 2447 1351 2468 ,
1376 2413 1546 2471 πρᾶγμα
1567 2414 1631 2455 ἑλ-

373 2474 490 2519 πίιΓος
513 2474 688 2530 κρεῖσσον.
718 2473 862 2516 WASS.
1363 2496 1366 2497 ν
