1754 3120
369 177 465 219 42²·
574 157 1447 205 ANNOTATIONES

369 249 508 289 ibidem
522 248 895 304 πολυπραγμοσύνην
906 250 957 290 ait
975 249 1050 290 effe
1062 252 1113 290 ad
1125 251 1253 291 multas
1271 266 1323 291 res
1338 251 1571 305 aggreffionem
1585 265 1639 291 ea-

369 318 508 358 rumque
522 304 692 343 aelionem.
714 303 854 345 Aac.
876 303 1092 359 Stephanus
1115 317 1165 346 ex
1186 304 1317 347 Gellio
1335 305 1398 347 hic
1412 305 1531 347 vertit
1548 305 1639 346 mul-

368 370 481 398 tarum
506 373 611 398 rerum
631 360 877 411 aggreffionem.

425 413 518 464 Pag.
547 426 563 451 1
596 424 634 461 7.
664 412 689 451 Ι.
725 424 757 451 1.
779 405 965 452 ’Ἔλασσον
995 410 1158 453 soffia-w
1189 408 1313 468 εἶναι)
1337 413 1444 455 Cum
1470 412 1639 468 primum

372 465 469 506 haec
493 466 576 518 lege
605 478 689 514 am,
713 465 896 517 putabam
927 460 1020 506 εἶναι
1050 479 1249 520 perperam
1269 462 1449 521 scriptum
1469 466 1545 508 effe
1565 479 1640 520 pro

370 514 463 559 εἶναι
475 549 486 566 ,
509 519 575 559 vel
585 531 660 573 pro
677 519 817 569 νεῖμαι,
836 529 882 560 ut
904 518 983 568 111,
999 533 1019 574 3
1034 550 1049 566 ,
1068 520 1191 572 μεῖζον
1200 520 1308 573 μέρος
1327 521 1499 573 νέμοντες
1515 520 1571 571 τῷ
1589 543 1636 552 -

373 573 424 616 Et
450 573 539 613 ibid.
575 573 649 622 48,
677 571 779 624 μήτε
809 573 922 623 οἴκτῳ
948 573 1063 614 πλέον
1091 574 1306 626 νείμαντες,
1326 571 1417 625 uria-³
1443 575 1642 624 ἐπιεικείᾳ.

371 628 527 668 Verum
548 639 639 667 cum
665 639 792 720 neaue
816 628 857 667 in
882 627 1027 681 scriptis
1042 657 1053 676 ‚
1080 640 1208 682 neque
1236 628 1274 667 in
1297 628 1405 668 editis
1430 629 1641 722 qffidffuam

375 681 571 736 varietatis
585 681 717 721 inveni
747 694 809 722 em
822 711 834 728 ,
859 681 902 721 &
922 681 1159 735 Stephanum
1174 695 1219 722 ac
1238 681 1399 722 Portum
1421 682 1484 723 hic
1497 682 1532 723 el
1547 681 1643 736 ipsm

374 733 445 775 τοῦ
464 736 556 776 εὖνοι
574 734 737 775 statuere
758 734 929 776 vidissem
941 749 954 785 3
975 735 1092 776 malui
1104 736 1282 776 virorum
1301 735 1475 777 Graecae
1490 736 1644 790 linguae

374 789 688 843 peritiffimorum
720 788 928 830 sententiae
951 789 1216 844 acquiescere,
1239 802 1357 844 quam
1387 790 1647 840 coniecturis,

375 841 542 883 fortaffis
565 843 766 891 inanibus,
787 843 1008 899 indulgere:
1027 842 1095 885 etfi
1117 845 1311 885 rationem
1333 844 1450 885 huius
1469 843 1646 900 ellipseos

376 897 554 939 nondum
573 896 757 951 intelligo.

433 953 508 991 ead.
531 952 556 991 l.
577 965 615 1002 7.
637 953 694 990 Τὲι
717 949 796 991 καθ’
814 950 969 992 ἑαυτοὺς
992 950 1226 1018 ἐξηρτύοντο)
1238 951 1285 992 In
1299 951 1484 1006 scriptura
1506 950 1646 992 Mss'to-

374 1017 490 1052 rum,
515 1005 588 1059 qui.
605 1005 751 1046 habent
770 1007 814 1046 τ“ο
839 1005 922 1046 καθ’
943 1003 1126 1053 ἑαυτους,
1147 1005 1209 1046 hic
1237 1005 1365 1047 sensus
1383 1005 1461 1054 est,
1475 1021 1540 1061 pro
1561 1007 1645 1045 viri-

381 1060 432 1107 li,
458 1059 524 1099 vel
546 1060 638 1100 omni
666 1075 726 1114 ope
740 1089 750 1107 ‚
773 1070 819 1099 ut
842 1059 904 1100 hic
924 1059 1063 1108 Valla;
1081 1070 1126 1100 ut
1144 1060 1184 1099 in
1206 1062 1250 1099 το
1277 1060 1368 1100 κατ’
1391 1060 1476 1111 ἐμὲ,
1502 1060 1544 1100 δι
1565 1060 1646 1100 aliis

379 1113 495 1154 huius
515 1114 674 1166 generis.
691 1113 863 1167 Vulgata
883 1123 1014 1154 tamen
1030 1113 1118 1154 satis
1137 1113 1285 1154 defendi
1302 1114 1436 1168 potest.
1456 1114 1645 1154 Herodia—

381 1180 457 1207 nus
478 1166 558 1214 III,
586 1182 602 1207 1
618 1198 632 1215 ,
657 1165 698 1207 Ὀ
719 1167 788 1219 μὲν
807 1166 855 1207 δὴ
877 1168 1009 1221 Νίγρος
1029 1164 1147 1208 οὕτως
1165 1165 1317 1222 ἑξηρτυε
1338 1170 1391 1207 τὰ,
1412 1167 1494 1208 καθ’
1519 1166 1648 1208 ἑαυτὸν

381 1220 675 1271 ἀσφαλέστατα
697 1221 765 1261 καὶ
787 1223 1094 1275 προμηθέστατα.

439 1278 511 1315 ead.
533 1276 557 1315 l.
588 1290 648 1316 12.
668 1274 715 1314 Οἱ
732 1275 867 1316 πολλοὶ
891 1271 1202 1326 ἀφειστήκεσαν)
1226 1275 1501 1330 Interpretatio
1525 1274 1648 1316 Scho-

381 1327 510 1370 liastae
533 1327 819 1376 ἀφειστήκεσαν
845 1330 1078 1380 exponentis
1101 1327 1140 1368 οὖ
1172 1344 1286 1382 upon
1326 1329 1434 1383 ώρουν
1449 1359 1465 1376 ,
1492 1329 1650 1370 videtur

383 1382 609 1423 confirmari
630 1382 735 1437 poffe
757 1383 852 1424 locis
868 1382 1162 1431 Demoffloenis,
1182 1345 1383 1433 Aristidis,
1404 1383 1446 1424 &
1462 1383 1650 1430 Luciani,

383 1450 486 1490 quae
506 1438 686 1491 leguntur
707 1438 749 1477 in
774 1437 925 1478 Lexicis
940 1467 951 1484 ‚
978 1438 1017 1477 in
1038 1438 1180 1492 quibus
1203 1437 1412 1487 ἀφιστάναι
1441 1435 1495 1477 est
1523 1437 1648 1477 abhor-

384 1506 476 1539 rere,
498 1493 643 1532 alienum
665 1491 739 1545 effe.
764 1491 825 1532 Sic
847 1491 978 1532 rursus
999 1492 1190 1533 Lucianus
1214 1492 1261 1532 de
1282 1491 1412 1531 Saltat.
1430 1502 1516 1545 pag.
1543 1490 1647 1538 800,

387 1542 442 1585 Οὖ
459 1545 534 1596 μὴν
554 1542 642 1586 οὗὸὲ
663 1544 845 1598 ῥητορικῆς·
862 1545 1090 1596 ἀφέστηκεν,
1106 1546 1216 1586 ἄλλα
1230 1544 1294 1585 καὶ
1307 1543 1454 1586 ταύτης
1467 1544 1647 1599 μετέχει.

385 1599 436 1639 Et
455 1613 506 1640 eo
527 1601 640 1640 etiam
665 1601 856 1653 pertinere
874 1599 999 1654 potest
1012 1600 1090 1640 hoc
1110 1598 1358 1652 Τὴυεγάἰάἰς
1366 1598 1442 1646 IV,
1467 1613 1483 1639 1
1495 1612 1558 1652 19,
1572 1595 1646 1639 Οὖ-

383 1653 492 1694 serbe
510 1650 788 1694 ἀποστήσονται
805 1652 880 1694 ὅσα
898 1654 943 1696 ἂν
961 1653 1102 1694 δίκαια
1122 1654 1281 1708 λέγητε,
1301 1653 1388 1702 οὔτε
1405 1652 1438 1693 οἱ
1457 1652 1649 1693 Λακεὲαι-

383 1707 523 1757 μόνιοι,
548 1707 633 1748 οὔτε
658 1706 689 1746 οἱ
712 1707 943 1760 ξύμμαχοι,
962 1709 1052 1748 nihil
1072 1709 1276 1760 recufizbunt.
1300 1707 1451 1748 Tamen
1478 1707 1647 1747 omnino

383 1761 696 1802 confidet-andam
708 1763 874 1802 arbitror
889 1761 1151 1803 conieekuram
1164 1761 1272 1803 Guil.
1283 1760 1456 1809 Canteri‚
1469 1761 1538 1815 qui
1551 1758 1650 1802 vm

385 1815 535 1856 Novar.
564 1815 734 1857 Lefflon.
766 1817 812 1856 16
843 1828 916 1870 pro
946 1815 980 1855 οἱ
1003 1815 1140 1856 πολλοὶ
1158 1815 1430 1871 reponendum
1455 1813 1582 1855 censet
1602 1811 1644 1856 οὗ

385 1869 534 1910 πολλοί.
559 1871 660 1910 Nam
693 1869 912 1911 verofimile
934 1870 988 1910 ait
1010 1869 1107 1918 effe,
1131 1882 1222 1916 eos,
1247 1870 1315 1925 qui
1337 1870 1503 1910 aliorum
1525 1869 1647 1923 impe-

383 1924 445 1964 rio
464 1924 670 1978 parebant,
691 1923 892 1965 difficulter
911 1924 1095 1965 dominos
1115 1934 1265 1965 mutare
1283 1922 1470 1978 potuifl‘e3
1488 1935 1559 1964 eos
1577 1935 1648 1963 au·

384 1979 492 2027 tem‚'
515 1979 583 2034 qui
604 1978 780 2019 libertate
803 1976 1057 2027 fruebantur,
1082 1977 1209 2018 multo
1230 1977 1268 2018 se
1289 1976 1440 2018 facilius
1462 1977 1509 2017 ad
1533 1976 1647 2031 quas-

384 2045 544 2087 cunque
555 2032 702 2073 vellent
724 2042 849 2086 partes
861 2031 1073 2073 contulisse.
1087 2033 1178 2072 Hoc
1198 2031 1296 2072 mihi
1318 2044 1400 2072 non
1419 2031 1546 2071 minus
1564 2030 1647 2084 pla·

385 2096 471 2133 cet,
494 2099 611 2138 quam
632 2086 839 2140 explicatio
861 2086 1110 2135 Scholiastae,
1134 2086 1175 2126 δι
1192 2099 1292 2140 quae
1311 2098 1385 2140 pro
1402 2098 1448 2126 ea
1470 2085 1544 2125 dici
1558 2083 1646 2138 pos-

385 2138 485 2181 sunt.
497 2141 599 2180 Nam
614 2142 656 2182 δι
677 2141 715 2180 in
732 2139 916 2181 omnibus
937 2140 1029 2187 illis,
1044 2141 1083 2179 in
1100 2140 1245 2194 quibus
1262 2138 1467 2189 ἀφιστάναι
1486 2138 1541 2179 est
1556 2139 1645 2178 alie·

386 2209 468 2234 num
490 2194 578 2247 ff,
604 2195 795 2247 genitivus
823 2195 950 2235 verbo
970 2194 1206 2248 apponitur,
1229 2206 1347 2248 quem
1372 2205 1445 2233 cur
1469 2192 1534 2233 hic
1553 2191 1646 2247 sup-

384 2248 552 2302 primere
575 2249 749 2289 voluerit
773 2247 1026 2300 Thucydides
1047 2247 1152 2288 nulla
1174 2246 1285 2288 causa
1304 2246 1369 2287 est.
1394 2245 1488 2296 Illa,
1507 2247 1565 2286 ἀεὶ
1593 2246 1646 2285 οἱ·

387 2299 537 2352 κῖισεις,
558 2302 804 2356 explicabunt
821 2303 1034 2343 acutiores:
1058 2301 1151 2342 mihi
1170 2301 1339 2341 numeris
1351 2300 1557 2342 Platonicis
1573 2300 1648 2340 ob-

386 2354 558 2397 scuriora
585 2355 684 2396 sunt.
711 2356 788 2396 Pro
813 2368 891 2403 eo,
921 2357 1030 2410 quod
1055 2355 1175 2409 paulo
1195 2354 1282 2409 post
1310 2354 1471 2409 legitur,
1495 2354 1584 2395 εἰσὶν
1611 2352 1650 2393 οἳ

386 2408 537 2463 saepius
554 2410 692 2452 dicitur
710 2408 814 2451 ἔστιν
827 2406 871 2449 οἵ.
893 2409 966 2451 Sed
982 2409 1070 2450 εἰσὶν
1087 2408 1244 2450 aretiam
1265 2408 1363 2457 vn,
1382 2422 1446 2458 44.
1468 2408 1517 2448 Et
1530 2409 1647 2449 inter·-

385 2465 545 2506 cedente
561 2463 744 2521 particula
759 2463 822 2514 11,
840 2478 891 2520 49
903 2495 918 2512 ,
938 2463 1009 2507 εἰσὶ
1033 2461 1072 2505 θ’
1091 2462 1129 2506 οἳ
1145 2462 1211 2505 καὶ
1231 2461 1307 2506 τὰἷν
1330 2460 1536 2515 ὀφθαλμῶν.
