1754 3120
959 66 976 77 t

397 202 489 267 388
604 170 1486 254 ANNoTAT1oNEs'

449 292 538 345 Pag.
565 305 623 346 51.
641 293 666 334 I.
695 306 754 334 11.
785 294 1131 350 Προσετετελέκει)
1152 295 1212 335 Ita
1232 295 1387 349 quidem
1405 308 1540 336 omnes
1558 294 1672 336 libri:

393 344 458 386 sed
480 354 610 386 tamen
642 347 823 387 nonnihil
855 347 1069 402 suspeaum
1097 348 1162 390 est.
1186 350 1290 389 Nam
1322 350 1545 401 προσπλεῖν
1570 349 1668 390 nihil

395 399 499 439 aliud
522 399 598 440 effe
627 400 774 454 potest,
792 415 910 455 quam
934 405 984 441 ad
1000 403 1042 443 &
1058 416 1188 454 praeter
1208 404 1279 442 aba
1303 404 1435 456 aliquid
1455 405 1667 457 impendere,

395 464 462 493 aut
480 456 656 508 praestare.
675 453 862 507 Ignorant
882 455 958 496 hoc
979 456 1145 496 verbum
1169 456 1336 504 Lexica,
1359 456 1422 496 sed
1443 457 1560 498 habet
1579 458 1668 497 Xe-

395 509 559 561 nophon
573 508 652 548 VII
669 508 851 554 Ἀναβάσ.
877 523 915 563 p.
937 511 1036 558 416:
1060 509 1096 548 Εἰ
1118 509 1163 550 se
1183 509 1234 550 ’ἐὺ
1259 510 1275 548 ὃ
1297 511 1560 564 συμπαρέχων
1579 506 1667 561 ὑμῖν

396 562 541 602 ταύτην
569 561 636 601 viv
659 561 873 612 ἀσφάλειαν
889 594 901 612 ,
923 562 977 613 μὴ
1006 563 1107 603 πάνυ
1125 563 1246 603 πολὺν
1269 566 1406 616 μισθὺν
1430 565 1665 616 προσετέλει.

393 615 467 655 Sed
491 615 527 654 id
551 615 640 655 huic
668 615 763 656 loco
790 628 874 656 non
901 618 1050 671 optime
1070 618 1268 657 convenit.
1294 616 1534 671 Stephanus,
1557 617 1667 657 Aca·

394 669 478 709 cius
491 699 504 716 ,
533 669 576 710 δι
601 681 672 709 eos
693 668 844 710 secutus
869 669 1010 710 Portus
1033 681 1216 719 vertunt,
1244 687 1330 724 quae
1350 684 1428 710 ante
1456 683 1665 724 erogaverat.

391 722 470 763 hoc
488 735 616 763 autem
639 721 693 763 est
717 723 928 776 προτελεῖν;
950 737 1035 778 quo
1058 725 1184 765 verbo
1209 724 1279 765 hac
1306 723 1583 778 significatione
1605 725 1664 765 uti

392 777 697 830 Xenophontem
726 776 806 817 VII
831 778 958 824 Ἀνοιβ.
993 792 1067 827 421
1085 810 1097 828 ‚
1128 775 1400 829 Ἀναιμνῇσδητι
1424 778 1470 818 δὲ
1505 779 1570 819 καὶ
1592 778 1665 826 σὺ,

392 831 433 869 τί
459 832 699 884 προτελέσας
721 828 806 883 ἦμῖν
827 832 1069 884 συμμάχους
1096 828 1195 884 ὖμοῗς
1216 831 1375 880 ἔλαβες,
1400 830 1563 872 ostendit
1581 832 1665 873 Bu-

389 885 507 924 daeus
530 885 571 924 in
596 885 860 925 Commentar.
887 886 994 939 Ling.
1030 885 1102 926 Gr.
1157 898 1214 939 ag.
1245 887 1335 936 627.
1357 885 1405 925 Et
1428 884 1557 926 rursus
1584 887 1664 927 Xe-

391 938 555 993 nophon
582 939 622 978 in
644 939 725 979 Lib.
746 939 792 979 de
810 939 990 991 Agesilao
1006 952 1090 993 pag.
1145 953 1190 992 54
1205 955 1214 980 ε
1229 932 1339 979 ‘'Oa-'r’
1361 934 1469 981 οὐδὲν
1487 940 1665 993 προτελέ-

393 1007 533 1033 σαντες
555 991 587 1032 οἱ
614 993 716 1044 φίλοι
747 991 876 1033 αὐτοῦ.
902 994 1078 1034 DUKER.
1100 993 1226 1033 Schol.
1263 993 1464 1043 Sophoclis
1490 995 1538 1033 ad
1563 994 1663 1034 Tra-

391 1047 493 1086 chin.
518 1060 604 1101 pag.
632 1047 732 1101 169,
764 1062 786 1087 2
813 1048 871 1087 ed.
894 1046 1072 1088 francof.
1093 1057 1276 1096 annotat,
1299 1049 1389 1100 πρὶς
1408 1047 1447 1086 in
1475 1047 1664 1100 composi-

392 1102 440 1141 tis
463 1101 564 1155 apud
594 1103 731 1161 poetas
754 1101 922 1154 tragicos
953 1101 1127 1155 usurpari
1152 1114 1225 1155 pro
1255 1100 1346 1153 πρὸε
1371 1112 1472 1155 quos
1497 1100 1526 1141 fi
1549 1101 1662 1142 Thu-

389 1155 569 1207 cydidem
591 1158 763 1195 Iecutum
782 1155 901 1202 nolis,
922 1155 1227 1209 προσετετελέκει
1247 1155 1520 1209 interpretare,
1538 1155 1664 1196 ἐτετε-

390 1209 490 1249 λέκει
513 1211 604 1263 πρὶς
629 1211 691 1250 τὶν
719 1208 865 1249 στόλον.
887 1210 995 1249 Haec
1019 1209 1212 1249 Heilman.

444 1265 519 1302 ead.
543 1264 567 1302 l.
597 1276 658 1317 13.
678 1262 905 1318 Ἀνιιλώκει)
929 1263 1142 1304 (Ζοιτεξὶοτ
1160 1262 1259 1303 Cod.
1274 1261 1351 1302 Gr.
1369 1262 1558 1303 ἀνηλώκει.
1585 1263 1661 1303 Ρο-

391 1327 517 1358 tuerat
543 1318 745 1357 continere
771 1329 931 1357 manum
954 1330 976 1357 a
1009 1317 1254 1370 corrigendo.
1282 1315 1385 1356 Nam
1416 1317 1581 1358 alterum
1605 1316 1660 1357 est

392 1372 582 1412 Atticum.
601 1370 748 1410 Thom.
771 1371 950 1424 Magister
965 1371 1006 1411 in'
1024 1369 1222 1420 ἀνάλωσα,
1244 1369 1459 1424 Stephanus
1481 1370 1660 1425 Append.

390 1425 438 1465 ad
464 1425 610 1478 Scripta
636 1425 683 1464 de
701 1423 803 1465 Dial.
823 1438 909 1492 pag.
934 1439 1032 1477 147,
1050 1424 1090 1465 &
1113 1423 1293 1464 Kuhnius
1309 1424 1358 1463 ad
1377 1423 1525 1464 Polluc.
1539 1424 1659 1474 VIII,

395 1492 483 1533 130.
507 1479 645 1532 Neque
666 1489 796 1519 tamen
816 1491 990 1520 οινηλωκοι
1015 1478 1070 1518 ita
1090 1481 1199 1519 noum
1219 1477 1297 1527 est,
1316 1487 1362 1518 ut
1379 1490 1430 1519 eo
1448 1490 1532 1519 non
1551 1488 1662 1519 utan-

390 1544 456 1573 tur
474 1532 625 1579 Attici,
643 1533 751 1587 quod
773 1533 888 1574 diRat
906 1532 1094 1573 Thomas.

430 1587 541 1640 sPag.
581 1600 640 1640 52.
667 1587 692 1626 l.
722 1601 759 1636 4.
781 1582 937 1640 Εὑρέθη)
969 1587 1063 1626 Non
1090 1584 1372 1626 contemnenda
1393 1584 1447 1625 est
1473 1584 1660 1640 scriptura

389 1639 490 1681 Cod.
523 1639 622 1693 R‘eg.
651 1634 783 1694 εὖρεθῇἷ
808 1640 950 1681 Pendet
983 1641 1032 1679 ab
1067 1640 1159 1688 illis,
1180 1651 1284 1693 quae
1312 1638 1464 1693 aliquot
1487 1639 1661 1681 verfibus

391 1705 482 1735 ante
504 1694 617 1739 dicit,
639 1695 670 1734 εἰ
689 1694 773 1748 ’γάρ
796 1708 856 1734 τις
872 1693 1090 1748 ἐλογίσατο.

445 1751 520 1788 ead.
546 1749 571 1787 l.
594 1747 631 1787 8.
658 1751 752 1800 Hpbs·
779 1749 834 1787 τὰ
861 1745 962 1801 &vap
1001 1746 1118 1801 ουτοι)
1143 1746 1293 1787 Omnes
1315 1746 1543 1801 interpretes
1565 1760 1661 1801 pro-

390 1803 534 1843 bat-unt
557 1801 779 1842 sententiam
799 1802 967 1842 Scholiai
985 1815 1040 1842 ae.
1067 1801 1140 1842 Sed
1161 1801 1264 1841 nulla
1279 1800 1384 1840 ratio
1408 1800 1483 1847 est,
1506 1812 1575 1841 cur
1593 1800 1660 1842 su-

391 1856 605 1910 perlativus
625 1855 794 1910 μεγίο-τῃ
819 1856 878 1896 hic
902 1869 976 1909 pro
996 1869 1084 1896 com
1114 1856 1264 1895 arativo
1287 1853 1434 1908 positus
1457 1853 1532 1895 efl'e
1555 1854 1660 1895 dica·
1728 1866 1740 1904 ζ»

391 1921 470 1951 tur.
492 1910 594 1950 Puto
610 1913 700 1963 προς
715 1912 770 1948 τὰ
789 1905 1020 1964 ὑπάρχοντα
1039 1923 1061 1949 e
1092 1922 1114 1948 e
1139 1911 1231 1962 προς
1243 1906 1310 1948 τὴν
1328 1904 1409 1948 {moi
1429 1923 1577 1962 χουσοιν
1595 1907 1660 1948 δ’ὑ-
1746 1945 1752 1956 ,

392 1979 520 2015 νοιμιν,
539 1979 604 2018 pro
618 1963 848 2018 praesentibus
867 1964 1022 2010 viribus,
1048 1962 1091 2012 &
1113 1962 1387 2014 Thucydidem
1431 1975 1482 2003 oc
1505 1962 1659 2011 dicere,
1719 1996 1748 2013 „

391 2031 482 2059 cum
505 2030 676 2058 maxlma
705 2017 769 2072 spe
801 2017 841 2057 in
863 2016 1062 2063 futurum,
1081 2029 1197 2070 quam
1222 2028 1271 2056 ex
1294 2013 1478 2070 praesenti
1510 2017 1659 2070 magni-

391 2072 524 2112 tudine
547 2082 752 2126 apparatus
779 2071 820 2112 δι
845 2072 989 2111 virium
1014 2080 1282 2124 conceperant.
1308 2069 1369 2109 Ita
1394 2070 1514 2110 utitur
1545 2079 1657 2124 prae*
1708 2077 1712 2120 ζ
1743 2074 1745 2077 ’

392 2125 586 2179 positione
604 2129 695 2180 πρὸς
713 2122 770 2186 Y,
791 2139 837 2178 9,
858 2125 932 2164 Καὶ
956 2122 1044 2175 ἅμα
1064 2127 1155 2177 προς
1177 2123 1242 2164 τὴν
1258 2121 1394 2163 ἑαυτοῦ
1411 2122 1566 2172 ἒὺνιιμιν
1587 2124 1657 2166 τὴν
1714 2167 1715 2170 ¹
1732 2136 1734 2138 ·

394 2179 629 2234 ἐπιχείρησιν
651 2194 817 2220 ποιειτοιι
832 2209 846 2226 ,
859 2194 925 2233 pro
941 2179 1068 2218 viribus
1079 2177 1171 2230 suis.
1192 2177 1239 2217 Et
1253 2177 1313 2217 IV
1325 2207 1340 2224 ‚
1355 2191 1403 2230 39
1414 2206 1428 2223 ,
1445 2175 1657 2218 'Evseec-n‘-
1704 2183 1712 2194 ”
1727 2166 1731 2167 ⁷
1747 2195 1750 2198 ·

391 2248 462 2287 ρως
483 2232 634 2284 ἑκάστῳ
656 2248 715 2272 ποι
736 2233 840 2286 εἶχεν
853 2263 866 2282 ,
887 2231 908 2272 ³3
930 2235 1019 2287 στρος
1041 2230 1109 2272 τὴν
1133 2230 1327 2284 ἐξουσίαν,
1348 2246 1449 2284 quam
1461 2245 1527 2284 pro
1542 2247 1581 2271 co
1603 2232 1653 2273 ia.

393 2287 444 2327 Et
459 2287 590 2328 eadem
611 2285 704 2340 signi
733 2287 884 2327 catione
904 2288 958 2326 τὰ
977 2283 1211 2338 ὑπάρχοντα,
1223 2284 1315 2324 dicit
1337 2284 1457 2339 paulo
1477 2284 1562 2338 post
1575 2247 1654 2326 Koc
1716 2318 1718 2321 .

393 2353 479 2395 cap.
509 2339 643 2395 Ὀρὸἰτε
667 2341 745 2380 ἀπὶ
774 2338 847 2381 τῶν
868 2334 1116 2394 ὑπαρχόντων
1139 2338 1212 2389 ὅτῳ
1230 2337 1354 2392 τρόπῳ
1381 2337 1586 2379 κάλλιστοι
1606 2340 1655 2378 lv.-

389 2391 738 2448 μυνεῖσ3ε”οιῦτοὺς.
1702 2431 1706 2439 2

445 2451 519 2490 ead.
543 2450 567 2489 ἰ.
592 2461 653 2488 ιο.
674 2445 888 2502 Ἐσέκειτο)
913 2445 984 2488 Gr.
1009 2445 1192 2487 ἐπέκειτο.
1215 2443 1442 2486 Scholiastes
1458 2458 1548 2487 cum
1569 2443 1656 2487 vul·

389 2515 489 2557 gata.
518 2504 664 2544 WAss.
1639 2505 1642 2508 ’
1698 2503 1703 2514 ⁷
