1754 3120
361 216 464 264 IN
532 191 941 263 LIBRUM
1008 208 1173 264 νη·
1292 231 1379 283 515

120 306 164 349 δι
195 320 298 362 quae
323 307 442 363 paulo
466 305 555 362 post
583 306 625 347 in
647 305 715 347 fin.
747 317 834 360 pag.
863 318 939 359 293
964 303 1043 360 seq.
1073 304 1164 346 dicit
1182 304 1386 359 Tlmcydi-

118 362 210 411 des,
229 362 453 402 Plutarchus
471 363 511 402 in
531 361 632 401 libro
651 361 699 401 de
714 359 855 402 Gloria
874 358 1094 400 Atheniens.
1113 371 1200 412 pag.
1220 359 1298 400 618
1320 361 1381 400 ed.

120 414 251 468 Steph.
268 415 494 469 quibusdam
512 415 670 455 mutatis
686 416 738 454 ita
754 412 965 466 descripsit:
985 413 1055 452 Καὶ
1068 415 1189 454 πάλιν
1210 412 1227 452 ὃ
1247 413 1283 453 ἐν
1299 414 1384 454 τοῖς

123 469 336 509 Σικελικοῖς
360 471 403 509 ἑιι
424 469 491 510 τῆς
514 467 594 522 ’γῆς
619 469 734 520 πεζὸς
754 468 968 520 ἀμφοτέρων
988 466 1182 531 ἰσοῤῥόπου
1204 464 1274 526 τῇς
1294 481 1383 507 ναυ-

117 521 283 574 μαχίας
294 522 569 563 καθεστηκυίας
582 520 757 562 ἄλαστον
775 520 912 576 ἀγῶνα
929 520 993 561 καὶ
1006 519 1186 572 συηαξιν
1198 534 1268 561 της
1284 521 1383 574 7νῶ-

117 589 196 626 μιις
218 575 322 629 ἔχων
345 575 415 616 ἒιὸι
438 580 516 616 τὰς
535 576 754 626 συντάξεις,
771 570 821 614 ὧς
846 575 1013 635 συνεχιὲς
1032 573 1103 614 τιῗς
1125 573 1294 621 ἃμίλλιις
1313 575 1383 615 καὶ

118 628 203 668 τοῖς
215 631 385 680 σώμασιν
403 627 546 676 αὐτοῖς,
559 631 630 670 ῖσα
644 629 696 680 τῆ
707 627 798 680 3⁶22·
815 627 996 680 περιέεως
1008 631 1207 680 συμπνέων
1226 627 1277 680 ‘ri
1293 628 1383 680 δια-

120 681 225 722 θέσει
248 684 313 723 κα)
335 685 386 735 τῇ
405 683 648 724 semmam
668 683 744 723 τῦν
765 682 960 736 γινομένων
980 681 1164 736 γραφικοῖς
1179 684 1383 736 ἐνεργείας.

118 734 165 774 ln
184 737 241 776 ed.
261 737 439 778 Francos.
469 737 628 778 Latinae
653 736 840 777 versionis
859 735 1049 788 Xylandri
1070 736 1131 776 his
1150 737 1190 776 in
1207 749 1271 776 ma
1317 738 1382 778 ine

117 789 284 884 {iffi
301 790 758 885 {3⁰50ffl101221‘3‘253}
761 788 1210 897 ‘z‘ffssss‘ffi’e‘ss'pssezzfz‘ssz
1218 789 1382 898 {⁸09ss

117 895 171 936 sci
194 897 328 950 potest.
355 900 439 940 Nec
467 899 627 938 mirum:
656 875 747 938 n’am
770 897 958 951 quaedam
982 911 1119 938 eorum
1136 928 1151 947 ,
1176 899 1219 938 in
1247 900 1381 953 primis

116 949 214 991 haec
240 951 313 991 suit
336 955 410 992 τὰς
433 951 655 1005 συντάξεις,
682 947 731 992 ὦς
763 950 945 1005 συνεχὲς,
969 951 1184 992 Cimmeriis
1213 953 1381 994 tenebris

117 1003 342 1046 obscuriora
354 1005 452 1046 sunt.
473 1005 546 1046 Sed
562 1019 637 1060 pro
654 1018 725 1055 eo,
738 1006 847 1059 quod
859 1005 912 1044 ibi
930 1004 984 1045 est
1003 1004 1183 1058 σύνταξιν
1199 1005 1268 1047 ‘nic
1281 1007 1381 1062 ’γνό-

119 1070 199 1108 μιις
211 1089 226 1106 ,
246 1061 359 1114 coepi
382 1061 582 1106 dubitare,
605 1072 654 1098 an
671 1060 800 1113 potius
823 1058 1024 1099 leoendum
1049 1059 1095 1099 sit
1115 1059 1295 1101 σύντασιν
1312 1060 1381 1102 ‘nie

116 1112 289 1165 γνώμηςε
318 1114 427 1154 cuius
443 1113 669 1167 suspicionis
685 1113 778 1153 mihi
800 1093 939 1153 aussor
958 1112 1031 1153 fuit
1045 1113 1290 1161 Scholiasta,
1307 1115 1380 1168 qui

118 1166 234 1206 etiam
254 1167 293 1206 in
318 1167 402 1221 ipso
426 1167 661 1220 Thucydide
682 1167 857 1220 ξύντασιν
870 1198 882 1216 ,
904 1179 986 1206 non
1012 1166 1202 1220 ξύστασιν
1224 1168 1379 1210 videtur

115 1217 255 1272 legiffe.
280 1221 329 1261 Et
347 1222 423 1262 hoc
443 1220 607 1261 fortaffis
630 1234 711 1261 non
738 1221 907 1261 deterius
932 1219 987 1260 est
1007 1234 1082 1269 eo,
1107 1222 1215 1276 quod
1239 1223 1377 1264 editur.

112 1271 215 1313 Nam
239 1275 418 1316 σύντασιν
437 1274 504 1316 τῆς
527 1277 682 1330 ’γνώμης
703 1274 804 1315 reae
828 1275 901 1314 dici
926 1273 1034 1328 poffe
1085 1289 1132 1316 ro
1155 1277 1282 1316 intento
1291 1279 1377 1331 stu-

115 1326 175 1366 AEo
194 1327 237 1368 δι
252 1330 458 1369 contentione
475 1331 599 1379 animi,
621 1329 705 1368 satis
722 1328 927 1369 ostendunt
943 1327 999 1382 fi„
1025 1329 1034 1336 '
1066 1330 1240 1370 cationes
1256 1342 1377 1371 voca·

114 1379 296 1423 bulorum
393 1393 576 1423 natorum
595 1383 787 1429 συντείνω,
809 1382 997 1430 σύντονος,
1014 1384 1209 1430 curvaria,
1229 1383 1272 1424 &
1290 1399 1375 1424 συν·

8 1445 17 1461 ··
109 1437 343 1486 τεταμένας.
386 1451 410 1476 n
436 1437 642 1478 Plutarcho
662 1437 816 1491 quidem
842 1435 1026 1477 σύντασις
1056 1449 1138 1477 non
1166 1438 1294 1478 minus
1317 1437 1375 1479 fa-

11 1480 23 1502 *
110 1488 183 1528 cile
206 1490 436 1544 degenerare
463 1492 591 1545 potuit
617 1491 655 1530 in
686 1488 891 1542 σύνταξις,
914 1503 1029 1544 quam
1054 1490 1095 1530 in
1116 1491 1374 1547 Aristophane

10 1572 15 1585 ,
112 1540 212 1582 Plut.
234 1558 275 1583 v.
305 1559 378 1598 325
406 1545 686 1596 συντεταμένως
709 1545 747 1584 in
773 1545 1112 1596 συντεταγμένοις
1135 1546 1242 1598 quod
1268 1545 1373 1587 reae

112 1598 216 1649 apud
240 1596 395 1638 Suidam
421 1598 460 1638 h.
485 1613 526 1638 v.
546 1599 721 1639 emendat
743 1597 954 1646 Kusterus,
974 1596 1036 1637 sed
1062 1611 1132 1652 per
1159 1598 1374 1641 festinatio-

19 1678 25 1687 „
110 1662 200 1690 nem
215 1652 361 1692 oblitus
377 1653 575 1692 nominare
588 1651 785 1692 austorem
799 1652 1076 1692 emendationis
1087 1652 1303 1694 Bentleium
1320 1654 1372 1695 ad

23 1721 26 1723 ·
113 1703 341 1746 Callimachi
360 1704 496 1760 fragm.
518 1721 606 1760 233.
627 1719 714 1746 nam
732 1705 865 1745 deinde
887 1706 926 1744 in
947 1705 1062 1746 Notis
1080 1707 1129 1745 ad
1145 1706 1373 1762 Aristopha-

15 1761 18 1768 '
111 1769 203 1798 nem
225 1760 285 1809 ei,
303 1762 410 1814 quod
431 1761 614 1808 debebat,
645 1760 816 1799 reddidit.
848 1758 991 1805 Porro,
1017 1772 1092 1814 pro
1114 1759 1373 1812 ξυναπονεύον-

112 1824 206 1859 τες,
228 1815 336 1866 quod
357 1826 494 1855 omnes
519 1814 606 1854 libri
633 1813 876 1866 Thucydidis
899 1813 1066 1861 habent,
1089 1813 1263 1867 suspicari
1310 1817 1372 1857 uis

110 1865 228 1918 poffit
249 1866 495 1908 Plutarchum
518 1866 644 1921 legiss‘e
670 1866 940 1919 ξυμπνὲοντες;
965 1880 1067 1921 quae
1092 1869 1256 1910 varietas
1293 1871 1372 1910 cri-

113 1930 251 1972 pturae
274 1921 314 1962 δι
334 1921 414 1975 ipsa
436 1934 606 1963 meretur
623 1921 869 1961 confiderari.
884 1919 958 1960 Sed
980 1920 1202 1962 sententiam
1226 1923 1371 1964 verbo-

110 1985 199 2013 rum
223 1975 465 2027 Thucydidis
494 1976 594 2016 hanc
615 1974 690 2015 effe
716 1986 837 2029 puto,
858 1986 951 2022 eos,
974 1976 1042 2027 qui
1077 1987 1100 2014 e
1125 1985 1227 2016 terra
1248 1990 1371 2031 proe-

110 2026 209 2067 lium
231 2027 473 2083 spefiabant,
498 2029 604 2083 gestu
624 2028 710 2083 ipso
736 2030 778 2069 δι
806 2039 919 2068 motu
946 2040 1159 2082 corporum
1183 2030 1370 2072 effinxisse

111 2092 183 2128 ea,
206 2095 307 2136 quae
324 2084 496 2124 accidere
517 2083 701 2123 videbant
718 2081 993 2136 pugnantibus,
1011 2083 1079 2136 qui
1099 2083 1219 2124 modo
1243 2084 1369 2126 vicio-

109 2146 171 2175 res
193 2148 322 2183 erant,
351 2138 471 2177 modo
497 2136 720 2190 fugiebant,
746 2136 866 2175 modo
890 2136 1074 2190 peribant.

167 2189 260 2242 Pag.
283 2205 372 2244 293.
390 2192 415 2230 l.
437 2205 471 2244 3.
496 2191 567 2230 Καὶ
590 2190 660 2230 Sc&
687 2189 761 2243 τὶ)
782 2188 896 2229 Plura
915 2189 1093 2243 exempla
1116 2189 1266 2231 articuli
1293 2205 1369 2246 pro

22 2254 30 2283 J
109 2244 342 2296 pronomine
361 2244 475 2299 positi
498 2257 521 2284 e
545 2244 779 2296 Thucydide
792 2243 834 2282 &
856 2242 936 2282 aliis
956 2243 1071 2283 habet
1093 2243 1305 2298 Stephanus
1324 2247 1368 2286 in

23 2329 31 2348 ·.
108 2296 288 2350 Append.
308 2299 356 2338 ad
377 2298 527 2352 Scripta
550 2298 598 2337 al.
619 2298 667 2338 de
690 2296 852 2337 Diale&
880 2297 963 2336 Att.
985 2310 1070 2351 pag.
1100 2297 1185 2351 183.

10 2354 13 2384 ἓ
165 2354 240 2390 ead.
259 2353 284 2391 l.
312 2365 373 2392 11.
396 2353 466 2393 Tin
488 2352 641 2406 γνώμην
662 2349 905 2404 &semoth-ro)
927 2350 1015 2390 Vid.
1031 2351 1113 2390 Lib.
1129 2351 1205 2400 IV,
1222 2365 1255 2392 c.
1301 2367 1339 2402 4.

115 2412 123 2419 ·
162 2405 255 2458 Pag.
280 2418 367 2458 294.
395 2406 420 2445 l.
450 2421 485 2459 3.
511 2406 565 2445 Ἐν
587 2405 643 2455 τξὶ
676 2401 810 2456 αὗτᾶ)
832 2398 941 2454 Atia-53
963 2406 1105 2445 omittit
1124 2406 1238 2444 etiam
1263 2367 1367 2447 ὀίο-

106 2456 244 2509 nysius
266 2459 355 2498 Hal.
375 2457 477 2500 forte
495 2458 708 2512 superfluit.
732 2459 879 2498 WASS.

158 2514 234 2551 ead.
263 2512 288 2553 1.
307 2528 345 2562 4.
360 2506 447 2553 Ἐως
469 2514 711 2566 ἀγχώμαλα
725 2510 1263 2605 ἑναυμαχουνζὲΑὲχόμαλα
1278 2525 1367 2559 verz
