1754 3120
385 161 480 226 3&
583 156 1454 209 ANNOTATIONES

439 252 532 305 Pag.
560 265 620 307 37.
643 252 667 292 l.
699 264 758 305 ¹5·
782 252 962 307 Ἀπαρχὶι
990 252 1229 308 εἰσφέρεται)
1256 252 1394 306 Quam
1413 249 1660 308 significatio·

383 318 473 346 nem
491 306 552 347 hic
572 306 843 361 habere‘poffit
863 305 1028 360 ἀπαρχὴ
1041 335 1050 352 ,
1067 319 1147 347 non
1168 307 1354 361 intelligo.
1374 308 1545 349 Maxime
1564 322 1658 362 pro·

381 360 517 400 babilis
541 360 631 399 mihi
650 360 805 400 videtur
823 359 1015 414 scriptura
1027 359 1234 410 librorum,
1248 363 1316 415 qui
1336 362 1479 402 habent
1500 363 1572 402 ἀπ’
1591 363 1659 416 ἀρ.

423 413 463 455 ἧς
488 418 663 466 φέρεται,
689 427 827 468 nempe
845 411 1035 467 χρήματα,
1046 444 1060 461 ,
1079 415 1186 467 quod
1205 415 1284 455 ἀπὸ
1304 414 1425 456 κοινοῦ
1451 417 1572 470 repeti
1590 417 1657 457 de³

382 430 463 508 ζεῖ.
484 465 671 520 Designat
693 469 798 507 enim
822 469 1033 516 tributum,
1053 468 1161 520 quod
1175 468 1439 520 Syracusanis
1465 470 1656 511 barbarae

379 523 560 563 civitates
586 524 626 560 in
655 521 805 568 Sicilia,
829 534 967 561 eorum
989 522 1152 575 imperio
1180 521 1394 573 subieaae,
1411 524 1654 577 pendebant:

383 575 712 630 quemadmodum
735 574 797 623 11,
824 589 898 630 13,
923 574 1028 629 Φόρον
1053 575 1131 614 ἀπὸ
1153 575 1225 616 τῶν
1258 575 1482 629 ξυμμάχων
1504 576 1555 628 τῇ
1581 577 1657 619 πό-

385 642 447 670 λει
483 628 724 683 (Ἀθηναίων)
750 632 961 684 προσιέναι,
994 628 1037 668 &
1061 628 1178 676 VIII,
1217 629 1290 679 18,
1313 630 1372 669 Ἐκ
1405 629 1477 671 τῶν
1507 631 1656 672 πόλεων

385 683 586 724 Ἀθηναίοις
604 680 798 737 χρήματα.
817 681 950 735 φοιτᾷν
967 682 1069 722 dicit.
1089 685 1245 736 Φέρεται
1261 697 1334 737 pro
1348 683 1554 736 εἰσφέρεται
1575 698 1656 725 ma-

384 739 442 791 gis
463 737 615 791 probo,
637 738 730 791 quia
754 737 872 790 φέρειν
896 738 939 778 &
961 738 1070 790 φόρος
1091 736 1170 777 fere
1199 738 1245 778 de
1268 736 1379 778 sociis
1411 737 1566 792 aliisque
1588 740 1656 779 tri·

385 792 569 838 butariis,
584 792 760 844 εἰσφέρειν
784 790 826 831 &
846 790 994 844 εἰσφορὰ
1007 791 1196 831 ευτεηῐάε
1217 791 1372 832 civibus
1391 791 1584 832 dicuntur.
1607 793 1655 833 de

384 859 469 900 quo
488 847 604 886 etiam
620 844 734 899 supra
755 845 885 885 adium
909 845 974 885 est.
1001 845 1058 885 Εἰς
1077 856 1206 885 autem
1226 858 1249 886 e
1265 845 1517 899 praecedente
1539 846 1657 900 sylla·

386 901 437 940 ba
462 915 503 941 nc
528 899 637 940 facile
658 899 751 939 oriri
779 899 931 953 potuit,
957 899 1063 952 quod
1085 912 1176 940 cum
1201 911 1409 952 utrumque
1429 900 1567 940 eodem
1592 899 1656 941 so-

386 967 442 995 no
468 954 809 1008 pronuntiaretur,
824 952 959 993 deinde
973 954 1089 993 etiam
1111 954 1151 992 in
1170 952 1370 994 scribendo
1386 953 1548 994 alterum
1563 968 1654 996 cum

383 1008 509 1048 altero
545 1017 853 1054 commutatum,
879 1007 921 1046 δι
943 1019 993 1046 ex
1022 1007 1095 1047 ἀπ’
1121 1006 1245 1062 ἀρχῆς
1273 1007 1325 1059 φέ
1343 1021 1458 1055 erat,
1480 1007 1654 1062 ἀπαρχὴ

385 1063 594 1115 εἰσφέρεται
614 1060 755 1102 ῐῑῑὲὶωῃ
777 1061 843 1102 est.
869 1060 965 1112 Qua
985 1073 1025 1101 re
1051 1060 1162 1115 saepe
1177 1074 1292 1114 pecca
1323 1074 1345 1102 e
1358 1061 1563 1111 librarios,
1583 1075 1655 1106 ne-
1748 1090 1754 1115 ᾗ

387 1118 556 1164 minem,
584 1114 654 1155 nifi
679 1117 749 1170 qui
774 1116 812 1155 in
839 1114 985 1169 scriptis
1007 1114 1252 1156 Gr‘aecorum
1272 1115 1386 1170 plane
1411 1112 1549 1171 hospes
1575 1116 1654 1166 est,
1693 1161 1698 1164 ,
1744 1130 1754 1148 ³·

384 1169 520 1225 fugere
546 1169 681 1224 potest.
1071 1190 1075 1194 -
1750 1182 1754 1195 ¹

440 1225 533 1277 Pag.
556 1223 617 1279 38.
644 1224 669 1264 l.
697 1236 755 1277 ῖς.
781 1223 852 1263 Καὶ
876 1218 940 1262 ofin
964 1222 999 1263 ἐν
1019 1222 1126 1277 τοῖς)
1151 1222 1190 1263 Si
1219 1223 1279 1263 hic
1305 1222 1384 1264 &orb
1408 1220 1523 1264 κοινοῦ
1543 1236 1656 1278 repe·

388 1279 418 1317 ti
442 1278 555 1332 poffit
578 1278 635 1318 ὅτι
651 1309 662 1326 ,
680 1276 843 1318 fortassis
865 1289 946 1316 non
964 1289 1066 1331 opus
1083 1277 1156 1316 erit
1173 1277 1463 1324 emendatione,
1477 1291 1594 1331 quam
1613 1279 1655 1319 in

385 1334 483 1373 Var.
508 1333 611 1372 Lect.
641 1333 828 1386 proponit
848 1329 1068 1371 Hudsonus.
1097 1331 1198 1370 Nam
1223 1331 1290 1371 xxi
1315 1327 1379 1371 οὐκ.
1411 1330 1446 1372 ἐν
1464 1331 1519 1382 τῷ
1543 1330 1655 1383 ὁμοίῳ

382 1386 695 1440 στρατευσόμενοι
727 1384 850 1440 potest
871 1386 1042 1439 exponi,
1064 1385 1100 1424 6³
1132 1401 1202 1425 non
1219 1385 1301 1439 pari
1322 1385 1511 1425 conditione
1531 1386 1653 1426 bellum

384 1441 517 1495 gesturi.
543 1440 605 1480 Sic
629 1440 715 1487 Vl,
741 1453 782 1479 11
798 1471 812 1487 ,
829 1431 902 1479 ᾳΩν
926 1436 1121 1492 κρειτῆσας
1145 1453 1190 1479 τε
1209 1438 1264 1489 μὴ
1293 1439 1547 1492 κατασχήσει
1567 1453 1654 1487 τις,

389 1495 458 1535 καὶ
479 1493 534 1546 μὴ
560 1493 793 1546 κατορθώσεις
810 1493 863 1545 μὴ
894 1493 929 1532 ἐν
953 1492 1009 1543 τῷ
1034 1492 1140 1544 ὁμοίῳ
1149 1523 1163 1540 ,
1187 1493 1251 1532 καὶ
1273 1493 1359 1547 πρὶν
1385 1491 1654 1548 ἐπιχειρῆσαι,

384 1549 512 1590 ἔσται.
534 1547 693 1602 Quibus
719 1559 849 1588 autem
874 1547 991 1586 rebus
1012 1546 1148 1587 melior
1173 1546 1304 1588 futura
1328 1548 1375 1587 fit
1392 1547 1570 1588 conditio
1594 1545 1656 1587 Si·

386 1603 569 1644 culorum
582 1634 593 1652 ‚
617 1614 705 1643 ante
730 1601 904 1642 ostendit.
926 1600 1166 1641 Probabilem
1191 1610 1319 1641 tamen
1343 1601 1651 1642 emendationem

387 1657 537 1699 faciunt
566 1670 635 1706 ea,
659 1669 759 1710 quae
784 1656 902 1710 paulo
928 1654 1012 1708 post
1037 1655 1127 1695 dicit
1151 1655 1425 1708 Thucydides,
1451 1653 1582 1696 ἔλθετε
1608 1655 1653 1696 &
1696 1676 1699 1678 ·

385 1710 564 1765 moa-{sea
579 1742 592 1760 ‚
618 1724 720 1765 quae
739 1721 892 1764 tempus
916 1709 1162 1763 praeteritum
1190 1709 1364 1750 indicant.
1389 1709 1464 1750 Sed
1481 1721 1563 1750 non
1583 1721 1657 1751 ne-

382 1765 581 1807 cessarium
604 1765 770 1805 arbitror
793 1768 836 1804 τὸ
858 1762 1169 1828 στρατευσόμενοι
1189 1761 1273 1804 sede
1298 1762 1366 1804 sua
1385 1763 1551 1804 moveri.

444 1821 537 1874 Pag.
567 1834 626 1873 39.
654 1820 679 1859 l.
701 1833 736 1860 2.
755 1819 816 1871 Ἐξ
842 1812 884 1858 ’ἧς
905 1816 1026 1868 μηνῶν
1047 1816 1162 1870 ουδὲ)
1189 1817 1366 1870 Quidam
1390 1817 1516 1858 Codd.
1538 1815 1580 1871 ἐξ
1608 1811 1656 1859 ffi-

385 1869 476 1914 038}
494 1873 635 1925 μηνῶν,
656 1873 827 1927 positura
848 1871 1082 1912 insuaviore.
1106 1873 1252 1911 WAss.
1703 1902 1715 1906 -

441 1932 515 1968 ead.
537 1928 562 1967 l.
593 1941 652 1967 12.
677 1925 925 1980 Σιτοπῡιοὺς)
950 1925 1010 1966 Sic
1034 1923 1114 1973 111,
1142 1924 1221 1976 78,
1250 1924 1434 1980 γυναῖκες
1457 1923 1658 1966 eororam&
1719 1957 1724 1960 >

386 1981 491 2022 Infra
513 1994 597 2035 cap.
616 1996 678 2031 44.
699 1981 747 2022 Et
770 1979 1069 2034 Theophrastus
1082 1978 1262 2020 Charaet.
1281 1992 1364 2033 cap.
1393 1992 1438 2031 5,
1459 1980 1530 2020 Τῆν
1550 1993 1654 2019 σιτο-

386 2039 493 2078 ποιὸν
515 2034 644 2088 πειρᾷν
668 2034 802 2076 λαθεῖν.
833 2034 922 2075 Alia
947 2033 1127 2087 exempla
1155 2046 1205 2074 ex
1234 2033 1376 2074 Atticis
1405 2031 1655 2087 scriptoribus

387 2089 563 2145 prostant
582 2090 622 2129 in
636 2090 798 2130 Lexicis.
809 2088 954 2129 Thom.
975 2086 1158 2140 Magister
1176 2096 1305 2128 tamen
1322 2086 1539 2140 ἀρτοκόπος
1557 2085 1657 2126 κόιλ-
1722 2107 1724 2109 -

388 2156 466 2184 mov
483 2142 558 2184 esse
573 2144 810 2197 pronuntiat.
832 2142 905 2183 Sed
929 2141 1284 2182 Grammaticorum
1304 2140 1445 2180 dietata
1465 2152 1545 2180 non
1565 2138 1654 2180 sunt

387 2198 559 2239 oracula.
581 2197 694 2251 Quid
711 2197 756 2237 fit
770 2198 861 2250 πρὶς
879 2195 1003 2249 με’ρος,
1019 2208 1098 2236 non
1112 2194 1197 2235 satis
1215 2194 1407 2248 assequor.
1426 2194 1542 2235 Valla
1561 2205 1654 2235 ver·
1718 2243 1720 2247 y

389 2253 459 2299 tit,
486 2266 628 2306 quorum
645 2266 733 2304 pars
754 2252 871 2292 molere
888 2261 1038 2302 cogatur.
1059 2249 1252 2298 Aeacius,
1269 2249 1449 2303 pistoribus
1469 2249 1551 2288 aliis
1569 2263 1652 2288 coa-
1716 2288 1720 2290 .

388 2308 450 2347 (lis
462 2336 478 2353 ,
512 2306 594 2345 aliis
616 2307 758 2345 mercede
780 2304 962 2345 conduelis.
988 2304 1098 2344 Haec
1130 2303 1221 2342 mihi
1247 2315 1327 2343 non
1359 2302 1481 2356 magis
1504 2300 1653 2342 satisfa-

388 2361 499 2402 ciunt
512 2391 527 2410 ,
549 2371 668 2413 quam
691 2357 959 2413 interpretatio
981 2357 1108 2405 Porti,
1134 2356 1242 2410 quod
1261 2355 1450 2410 nusquam
1471 2357 1560 2410 orphe
1584 2356 1655 2407 μεῖ-

389 2429 447 2468 poe
468 2427 515 2455 ea
535 2412 810 2468 significatione
823 2442 835 2460 ‚
857 2423 937 2466 qua
960 2410 1012 2450 illi
1034 2411 1110 2452 hoc
1129 2410 1252 2464 accipi
1268 2420 1473 2464 putarunt,
1493 2407 1655 2464 usurpa-
1715 2425 1718 2429 ·

390 2480 474 2509 tum
499 2468 669 2510 invenio.
689 2466 798 2508 Alibi
811 2481 875 2522 pm
895 2476 975 2506 rata
992 2478 1110 2519 parte,
1127 2479 1193 2520 pro
1207 2465 1388 2519 portione,
1407 2464 1510 2505 verti
1523 2463 1656 2506 video.
