1754 3120
407 173 496 234 506
605 172 1472 224 ANNOTATIONES

400 272 666 302 convenerant
684 262 731 303 ad
756 256 906 303 urbem.
931 262 1070 304 AcAc.
1096 263 1141 304 In
1162 265 1321 305 eandem
1349 264 1575 308 sententiam
1593 278 1661 306 ex-

400 316 512 366 ponit
532 316 758 357 Scholiastes
784 316 882 356 Cod.
905 316 1006 356 Cass.
1031 317 1140 358 cuius
1163 319 1284 360 verba
1304 319 1390 373 lege
1420 321 1461 359 in
1479 320 1662 360 Annota-

400 368 574 410 tionibus
594 372 641 410 ad
661 371 787 411 Schol.
810 371 925 410 huius
945 383 1029 424 cap.

457 423 662 518 ξαςῶόό.
682 426 708 464 l.
726 439 764 474 4.
783 423 854 466 Τὴν
875 423 1028 478 χώραν)
1049 425 1117 466 Tin*
1137 426 1265 480 χώραιν
1286 426 1452 468 έλθὸντες
1473 427 1560 468 Mff.
1576 439 1659 468 non

399 488 464 515 ma
480 489 513 516 e.
594 490 678 518 Ass.

455 534 531 570 ead.
558 534 581 570 l.
609 532 645 571 6.
672 532 764 571 Μετ’
790 531 969 573 ἀλλήλων
990 533 1176 586 στάντες)
1202 533 1326 587 Marg.
1355 533 1397 574 &
1415 534 1567 577 Camer.
1591 550 1660 576 κοι-

399 584 628 625 τάστάντες.
652 586 725 626 Sed
750 586 873 626 altero
898 587 1012 627 etiam
1039 587 1290 641 Thucydides
1320 587 1402 635 111,
1434 603 1482 642 39
1508 591 1659 631 utitur:

397 634 606 683 ,Ἔζῆτησάν
627 655 671 680 τε
693 641 802 691 μετὰ
824 639 899 681 τᾶῑν
929 640 1228 691 πολεμιωτάτων
1259 639 1360 693 aa&
1383 642 1547 684 στάντες
1568 643 1659 684 ‹1³1oe-

402 691 561 745 φθεῖράι.
589 694 658 734 ubi
681 694 905 735 Scholiastes
931 695 1083 742 itidem,
1110 707 1155 735 ut
1179 695 1265 743 hic,
1288 696 1562 750 συνεμάχησαν
1581 698 1661 738 τοῖς

401 745 593 796 πολεμίοις
616 746 726 798 ἦμῶν.
751 747 852 789 Infra
875 761 960 802 cap.
993 749 1040 789 61
1058 780 1070 798 ‚
1095 750 1166 789 Καὶ
1191 752 1233 788 τ“ο
1253 748 1319 791 τῆς
1338 751 1466 804 τύχης
1490 749 1563 801 κᾷν
1577 751 1662 802 μεθ’

398 797 504 850 ὑμῶν
531 801 763 842 ἐλπίσαντες
784 802 927 844 crim.
950 803 998 843 Et
1024 816 1114 843 cum
1142 803 1430 871 praepositione
1459 807 1552 858 προς
1577 804 1660 855 lv,

406 854 479 907 56,
503 857 594 908 Πρὸς
619 855 688 896 τὴν
712 857 850 898 ἐκείνων
868 858 1019 908 ’γνώμην
1047 857 1106 896 ἀεὶ
1131 857 1309 897 ἔστησάν.

457 911 532 947 ead.
551 910 574 948 l.
607 924 644 961 7.
665 911 771 950 Ἀλλ’
795 907 844 950 ὡς
866 910 1062 964 ἑκάστοις)
1087 909 1321 952 Sententiam
1347 911 1490 952 horum
1514 912 1661 954 verbo-

399 973 487 1002 rum
509 962 611 1003 re&e
626 964 804 1018 expreffit
824 964 1070 1008 Scholiastes:
1093 964 1155 1005 sed
1173 978 1254 1006 non
1274 965 1470 1020 intelligo,
1487 980 1659 1020 quomo-

400 1015 454 1054 do
477 1016 552 1057 dici
573 1018 685 1072 poffit
708 1021 755 1058 ὡς
776 1018 953 1059 ἑκάστοις
972 1017 1040 1059 τῆς
1063 1018 1282 1073 ξυντυχίοις
1300 1018 1441 1072 ἔσχον,
1458 1034 1532 1073 pro
1553 1017 1600 1060 ὦς
1620 1020 1660 1060 ὲ-

397 1068 561 1111 κάστοις
580 1072 787 1126 συνέτυχε.
806 1072 982 1114 Omnino
1001 1073 1093 1113 mihi
1114 1073 1419 1127 persuadthic
1437 1075 1581 1128 aliquid
1595 1075 1659 1116 vi-

398 1123 442 1162 tii
469 1123 581 1219 effe}³
594 1139 724 1181 eoque
744 1128 887 1182 magis,
915 1127 1025 1182 quod
1048 1127 1145 1182 Reg.
1169 1127 1211 1168 &
1229 1127 1328 1168 Caff.
1351 1141 1374 1168 a
1392 1129 1550 1182 vulgata
1572 1128 1661 1170 scri-

397 1188 514 1231 ptura
532 1193 555 1218 a
582 1193 688 1221 eunt.

456 1237 530 1273 ead.
555 1235 580 1274 l.
613 1249 673 1275 12.
703 1235 921 1291 Ἑστίαιαν)
946 1235 1009 1276 Sic
1039 1233 1191 1289 reposui
1219 1249 1243 1276 e
1266 1234 1351 1277 Mff.
1400 1249 1447 1277 ro
1477 1235 1655 1287 ῬΑ-τίσιν,

397 1287 507 1338 quod
528 1298 616 1329 ante
634 1289 829 1330 edebatur.
841 1290 942 1330 Vide
959 1289 1198 1342 Stephanum
1212 1319 1223 1336 ‚
1244 1290 1284 1329 δι
1303 1251 1480 1331 noKrum
1502 1290 1546 1339 1,
1567 1305 1656 1342 114.

399 1342 545 1381 wass.
566 1343 664 1383 Add.
684 1345 911 1399 interpretes
931 1344 1112 1398 Stephani
1129 1344 1177 1383 ad
1197 1342 1367 1384 Ἕστίάιοι
1389 1345 1431 1386 &
1448 1343 1620 1384 Ἱστὲοιιά.

467 1396 560 1449 Pag.
584 1399 672 1449 267.
689 1398 714 1438 l.
739 1413 774 1452 3.
796 1397 978 1452 Στυρεῖς)
1001 1397 1210 1438 Herodoto
1235 1399 1407 1450 Στυρέες.
1429 1395 1562 1451 Στύρα.
1587 1411 1659 1439 ve-

389 1456 446 1489 'ro
475 1450 523 1490 ad
544 1451 728 1492 Euboeae
755 1463 903 1507 partem
926 1452 1151 1493 orientalem
1181 1465 1302 1506 prope
1328 1451 1550 1505 Carystum.
1575 1452 1659 1493 Sal-

399 1503 538 1544 manus
556 1506 656 1559 apud
678 1505 808 1561 Steph.
829 1507 982 1560 reponit
997 1504 1190 1560 Στὺροικά.
1210 1505 1267 1546 At
1290 1506 1435 1558 Styrax
1453 1507 1558 1546 iuxta
1575 1506 1658 1547 Eu-

396 1557 575 1599 stathium
590 1573 704 1600 mons
717 1560 867 1601 Cretae.
881 1560 986 1601 Urbs
998 1570 1080 1600 erat
1090 1560 1320 1608 veterrima,
1338 1561 1501 1601 Homer.
1520 1559 1550 1600 οἱ
1560 1559 1656 1603 Στύ-

396 1626 448 1665 ρα.
472 1611 739 1662 ναιετάασκον,
759 1614 821 1655 sed
847 1627 969 1669 parva
1001 1615 1045 1655 δι
1070 1613 1302 1667 infrequens.
1332 1614 1431 1654 Nam
1459 1616 1499 1654 in
1522 1614 1655 1655 navali

395 1679 526 1720 pugna
549 1680 639 1708 cum
666 1670 818 1718 Xerxe,
839 1668 1068 1709 Eretrienses
1090 1667 1232 1722 septem
1266 1681 1408 1714 naves,
1434 1669 1541 1708 binas
1570 1677 1658 1708 tan-

397 1731 482 1760 tum
507 1720 707 1774 Styrenses
730 1722 1033 1777 suppeditarunt.
1056 1723 1275 1762 Homerum
1299 1721 1468 1776 sequitur
1487 1722 1657 1764 Nonnus

397 1773 568 1827 Dionys.
590 1790 676 1830 pag.
703 1778 804 1830 360,
828 1778 896 1817 Kal
924 1775 1076 1831 Στύρα,
1097 1776 1161 1816 κά)
1189 1773 1342 1840 Κήρινθον
1369 1776 1585 1827 ἑιειὸομένης
1609 1791 1656 1816 τε

394 1828 589 1883 Καρύστου
599 1830 778 1884 “Esspaevoe.
803 1831 1002 1884 Αἰγιλέάν,
1025 1840 1093 1870 aut
1112 1829 1292 1885 Ai‘ymoev
1309 1828 1468 1870 insulam
1486 1830 1653 1882 Στυρέων

392 1895 586 1925 memorat
613 1885 728 1925 etiam
755 1885 990 1925 Herodotus.
1020 1883 1148 1924 Hodie
1173 1884 1318 1937 opinor
1341 1885 1500 1937 Spitilus.
1530 1883 1655 1924 Ever-

391 1936 471 1977 sam
495 1938 631 1979 urbem
654 1939 757 1980 bello
782 1939 950 1979 Maliaco
978 1937 1194 1993 (Λαμιακῷ
1221 1937 1413 1992 Casaub.)
1436 1951 1458 1978 a
1478 1937 1651 1979 Phaedro

391 1991 687 2033 Atheniensium
710 1993 831 2039 duce,
849 2003 976 2033 narrat
999 1991 1149 2042 Strabo.
1173 1991 1251 2031 vid.
1276 1991 1319 2031 &
1344 1990 1501 2032 Pausan.
1522 1991 1587 2032 Est
1606 1992 1652 2033 δε

392 2046 490 2086 stira
514 2047 701 2100 oppidum
722 2046 769 2086 ad
791 2045 888 2086 ostia
908 2045 1073 2100 Cephiffi
1097 2044 1235 2092 snum,
1259 2043 1497 2098 Thrasybuli
1515 2046 1652 2100 patria.

389 2111 518 2153 neque
533 2101 634 2140 enim
649 2099 869 2152 Styrensem
885 2099 1092 2141 secundum
1111 2098 1327 2146 Ufferium‚
1339 2111 1465 2153 neque
1477 2099 1651 2151 Tyr-ien-

386 2151 465 2192 sem
480 2167 568 2194 cum
583 2155 773 2194 Lambino
786 2154 830 2194 ad
842 2155 1032 2208 Nepotem
1046 2154 1193 2194 dixeris.
1210 2153 1355 2193 WAss.
1373 2151 1533 2202 Confer,
1546 2165 1648 2206 quae

386 2207 436 2247 de
455 2206 573 2260 Styra
590 2208 772 2249 Euboeae
793 2209 908 2248 habet
931 2207 1154 2248 Holstenius
1175 2207 1222 2247 ad
1247 2207 1310 2248 Ste
1337 2207 1492 2248 hanum.

441 2265 516 2301 ead.
541 2263 567 2301 I.
585 2276 622 2315 9.
647 2261 832 2315 Δρύοπες)
858 2262 1053 2314 Scymnus
1075 2261 1200 2302 Chius
1219 2274 1259 2301 v.
1281 2273 1297 2312 5
1329 2260 1378 2308 6,
1402 2259 1582 2314 Δρύοπας
1599 2259 1646 2299 se

387 2313 454 2356 τὴν
475 2315 662 2369 Κάρυστον
683 2315 941 2367 ὠνομασμένην
962 2314 1186 2362 condidifl'e,
1209 2326 1310 2355 unus
1332 2315 1475 2367 opinor
1500 2324 1642 2354 narrat.

383 2366 433 2409 In
451 2369 573 2424 Long.
601 2383 674 2423 54,
696 2383 757 2424 30.
781 2369 863 2409 Lat.
891 2384 960 2423 37,
987 2383 1046 2422 30.
1069 2368 1319 2409 Ptolemaeus.
1337 2369 1483 2408 WAss.

443 2423 534 2476 Pag.
553 2423 642 2464 268.
657 2423 682 2463 l.
703 2437 735 2463 1.
755 2422 991 2475 Κατάντικρὺ
1026 2424 1120 2462 Κατ’
1136 2421 1281 2475 ἀντικρὺ
1304 2420 1405 2461 ιἐξὶε
1424 2419 1524 2462 Cass'.
1545 2419 1645 2473 Reg.

386 2475 428 2517 δι
447 2477 492 2525 Ι,
517 2478 593 2532 136
616 2477 727 2520 Cam.
747 2477 893 2520 Graev.
915 2476 973 2518 Ca
1005 2507 1015 2517 .
1035 2476 1092 2517 Ita
1106 2475 1235 2517 Schol.
1258 2475 1305 2517 ad
1316 2474 1452 2530 Odyff.
1470 2474 1521 2522 κ’,
1545 2488 1646 2529 559,
