1754 3120
368 191 456 242 522
566 176 1434 226 ANNOTATIONES

361 266 430 305 ubi
450 265 610 320 exponit
625 262 786 318 ὑψηλοῦ.
800 266 894 307 Vid.
912 266 1056 307 Thom.
1077 265 1299 321 Magistrum
1311 297 1326 314 ‚
1343 267 1412 322 qui
1431 267 1526 308 haec
1545 279 1627 308 non

361 318 466 359 reste
485 333 508 360 e
525 320 609 360 Lib.
636 320 747 360 sexto
767 320 939 368 adducit,
957 321 999 360 δι
1023 320 1298 360 Phavorinum.
1321 323 1401 362 Vix
1424 321 1511 362 alibi
1532 321 1628 376 legi-

363 383 453 420 tur,
475 373 538 414 sed
560 374 775 414 Homerico
799 375 945 414 ἄναντα
970 372 1184 427 respondet.
1200 376 1346 415 WAss.

420 429 495 468 ead.
526 429 551 467 I.
586 441 647 468 12.
672 426 946 480 Ἀνεποιίιοντο)
973 427 1098 481 Marg.
1130 428 1171 468 &
1198 427 1306 468 Cam.
1332 427 1626 470 ἑποινεποιὺοντο.

366 479 471 521 Usus
494 481 548 522 est
567 481 638 522 hac
658 494 760 522 voce
776 482 891 522 etiam
909 481 1182 528 Herodianus,
1207 482 1250 523 δι
1267 482 1559 534 ἀναπαυομένων
1574 482 1629 524 se-

363 535 508 588 quitur.
533 536 656 576 IDEM.

422 590 514 642 Pag.
544 603 631 644 311.
658 589 681 628 l.
714 588 750 629 8.
772 588 1017 643 Καὺσαντες)
1040 588 1138 642 Reg.
1166 600 1247 628 non
1273 589 1372 629 male
1393 588 1628 631 καύσαντας.

367 641 620 695 Thucydides
640 642 684 691 I,
709 657 804 697 139,
831 644 900 682 Καὶ
916 642 1038 683 ἐδόκει
1060 642 1227 696 (nempe
1249 642 1327 683 τοῖς
1347 642 1559 698 Ἀθηναίοις)
1579 642 1628 682 ’ά-

367 695 456 748 παξ
480 698 562 750 περὶ
585 697 764 738 ἁπάντων
789 697 1103 747 βουλευσαμένους
1123 696 1400 757 ἀποκρίνεσδοιι.
1428 695 1524 744 VII,
1551 711 1625 746 40,

357 749 527 791 Ἔπειτα.
554 749 619 791 οὐκ
650 751 770 791 ἐδόκει
795 750 873 791 τοῖς
904 749 1100 792 Ἀθηναίοις
1122 745 1239 790 αὗτου
1267 747 1341 791 ὑπο
1373 749 1471 799 σφᾶν
1503 748 1629 794 αὐτῶν

368 803 654 856 ἓιοιμέλλοντοις
674 805 780 854 κόπῳ
801 804 1043 845 ἃλίσκςσῑτοιι.
1064 803 1124 844 VI
1137 835 1148 853 ,
1174 816 1245 856 55,
1262 803 1466 859 Ἱππάρχῳ
1484 803 1530 844 st
1549 803 1632 856 ξυν-

370 858 435 903 έβη
464 857 532 899 τοῦ
559 860 702 900 πάθους
722 857 772 909 'rin‘
800 858 1006 912 δυστυχίᾳ.
1028 860 1287 909 ὁνομοισῧέντοι
1318 858 1381 897 καὶ
1411 858 1479 898 τὴν
1505 857 1628 911 δόξαν

369 910 443 952 ’τῆς
463 913 671 967 τυραννίέος
695 912 732 953 ἐς
752 913 806 952 τὰ,
827 911 967 953 ἔπειτα
990 911 1228 965 προσλαβεῖν.
1247 912 1295 953 Et
1314 910 1392 951 VII
1405 940 1419 960 ‚
1445 912 1514 964 56,
1539 918 1631 953 Ξυν-

372 965 437 1012 έβη
459 966 506 1006 δὲ
529 967 606 1008 τοῖς
625 968 733 1022 Κρησὶ
757 967 823 1007 τὴν
850 967 966 1007 Γέλαν
994 965 1143 1006 ‘posim
1169 965 1461 1020 ξυγκτίσοιντοις
1480 964 1534 1017 μὴ
1566 965 1631 1019 ξὺν

371 1018 450 1060 τοῖς
471 1021 661 1068 ἀποίκοις,
686 1021 777 1061 ἀλλ’
798 1020 862 1061 ἐπὶ
883 1020 969 1061 τοὺς
990 1019 1166 1060 ἀποίκους
1185 1017 1350 1061 ἄκοντας
1367 1022 1474 1070 μετὰ
1487 1019 1627 1070 μισθοῦ

371 1073 495 1115 ἐλθεῖν.
524 1075 568 1115 ln
592 1076 731 1130 quibus
753 1074 1004 1129 supplendum
1029 1073 1084 1114 est
1111 1069 1273 1120 αὐτοὺς,
1297 1075 1339 1114 &
1367 1070 1491 1113 αὐτόν.
1510 1073 1632 1114 Paulo

373 1128 462 1182 post
484 1141 565 1169 non
587 1141 698 1170 muto
720 1129 920 1182 vulgatum
944 1129 963 1169 33
986 1127 1020 1167 οἱ
1032 1141 1122 1169 cum
1136 1126 1360 1181 quibusdam
1383 1126 1468 1167 Mff.
1487 1127 1528 1167 &
1545 1128 1631 1168 edd.

373 1181 650 1237 Aristophanes
667 1183 765 1224 Plut.
793 1196 833 1223 v.
856 1196 924 1233 14,
940 1178 1153 1223 Τοῦνοιντίον
1176 1181 1269 1236 ὃρῶν
1281 1212 1297 1230 ,
1316 1182 1335 1223 ἢ
1357 1180 1507 1234 προσῆκ’
1524 1179 1631 1232 αὐτῷ

372 1237 502 1277 ποιεῖν.
522 1238 570 1278 Et
593 1237 645 1279 fic
665 1237 775 1292 saepe
797 1238 898 1292 apud
919 1237 1014 1277 alios
1034 1236 1201 1278 ἐναντίον
1223 1251 1256 1276 n.

430 1292 519 1344 Pag.
546 1307 632 1346 312.
657 1293 679 1331 l.
702 1307 738 1345 9.
764 1290 834 1332 Τὴν
857 1290 1062 1342 Ἐλωριννιν)
1086 1289 1148 1330 Cl.
1172 1302 1256 1330 non
1277 1289 1413 1329 variat.
1431 1288 1511 1329 vid.
1532 1289 1634 1330 Hol-

373 1343 467 1385 sten.
489 1345 536 1385 ad
558 1345 686 1400 Steph.
705 1358 791 1399 pag.
820 1359 918 1400 113,
941 1346 981 1385 &
1006 1343 1165 1384 Cluver.
1186 1343 1358 1384 Helorus
1378 1343 1462 1383 Liv.
1483 1344 1635 1392 XXIV,

409 1414 440 1452 5.
461 1399 630 1440 Diodor.
649 1399 762 1447 xm,
787 1413 822 1453 p.
846 1413 942 1453 340,
964 1397 1035 1438 snae
1060 1395 1127 1438 τοῦ
1146 1397 1307 1450 Ἕλωρίου
1331 1396 1476 1438 πεδίου.
1495 1397 1634 1438 Genti·

374 1413 412 1493 fe
438 1454 520 1494 eius
542 1452 732 1507 ‘Empi-rns
761 1454 870 1494 iuxta
892 1451 1067 1505 Etymol.
1093 1450 1155 1492 sed
1181 1450 1315 1492 confer
1339 1451 1470 1504 Steph.
1494 1451 1635 1492 Vibius

372 1506 573 1561 Sequester
585 1538 598 1556 ‚
618 1508 730 1561 Virg.
753 1507 870 1548 Ovid.
889 1508 1057 1547 Helorus.
1074 1505 1235 1546 Pliniani
1260 1505 1345 1545 libri
1365 1505 1506 1545 Elorus.
1520 1498 1634 1544 ’Ἕλω-

374 1576 431 1615 ρον
448 1562 551 1617 apud
569 1575 690 1603 unum
709 1561 910 1614 Scylacem
929 1560 1120 1601 scribitur.
1135 1559 1322 1612 Polybius
1341 1572 1430 1613 pag.
1448 1573 1489 1611 7,
1507 1557 1636 1600 Ἐλλέ-

373 1631 483 1669 πορον
506 1619 684 1668 ποταμὶν
706 1615 885 1656 mendose
907 1616 1018 1656 etiam
1037 1612 1172 1655 effert:
1194 1613 1278 1654 Mss‘.
1305 1615 1480 1661 variant,
1509 1612 1635 1653 Ἓλλό-

376 1685 507 1723 περον,
531 1669 765 1724 Ἑλλεπόρον,
789 1670 1023 1724 Ἑλλέπορος,
1049 1668 1091 1708 &
1117 1667 1205 1709 sunt
1229 1681 1279 1708 ex
1300 1676 1458 1708 recentt.
1485 1680 1636 1708 omnes.

376 1726 523 1764 WAss.

435 1780 525 1832 Pag.
552 1791 640 1832 3¹4·
661 1780 684 1817 l.
711 1777 748 1817 6.
773 1773 881 1828 Αὐτῷ
901 1775 1141 1830 ἐπικεῖσθαι)
1155 1776 1249 1817 Non
1264 1775 1364 1816 male
1377 1774 1530 1830 quidam
1549 1773 1639 1816 Mss'.

376 1829 482 1882 αὖτῷ
505 1833 640 1886 πρώτῳ
663 1832 894 1872 ἐπικεῖσθαι.
913 1831 1038 1870 IDEM.

429 1890 501 1926 ead.
522 1888 546 1927 l.
572 1900 630 1925 12.
652 1885 824 1934 Ἐλαίας)
848 1885 973 1939 Marg.
1000 1885 1040 1924 δι
1064 1883 1124 1924 Cl.
1149 1883 1218 1924 Gr.
1243 1883 1386 1931 ἑλέιοις,
1401 1882 1543 1937 opinor
1564 1895 1636 1922 ve·

376 1940 466 1980 rius.
485 1941 542 1980 Ita
564 1940 679 1979 etiam
700 1939 905 1993 legendum
923 1938 1120 1979 contendit
1139 1937 1239 1991 apud
1259 1937 1430 1978 nostrum
1447 1936 1525 1977 Th.
1546 1937 1635 1976 Ma-

374 1993 507 2047 gister,
529 1993 627 2034 male
647 2004 775 2034 tamen
791 1993 955 2034 adduEto
978 1991 1247 2046 Aristophanis
1264 1992 1378 2039 loco,
1399 1991 1524 2031 Ἕκτος
1542 1991 1636 2030 οἴσει

377 2046 451 2088 τῶν
486 2047 615 2087 ἐλαῶν.
638 2048 698 2087 Ibi
728 2048 830 2088 enim
861 2047 914 2087 ob
939 2057 1105 2087 metrum
1129 2045 1367 2086 retinendum
1393 2044 1550 2093 ἐλαιῶν,
1577 2044 1635 2084 uti

377 2100 534 2142 fortaffe
547 2101 714 2142 Acharn.
735 2114 821 2155 550.
835 2101 1023 2142 Comicus
1035 2113 1134 2141 vero
1154 2101 1193 2139 in
1214 2099 1336 2140 Ranis
1354 2098 1410 2140 τίς
1426 2097 1494 2138 τοῖς
1516 2097 1638 2138 ἐλάας

377 2155 629 2209 παρετρίυγιη
657 2156 714 2196 Ita
735 2156 852 2195 etiam
878 2155 1045 2210 Eupolis.
1068 2155 1169 2194 Vide
1189 2153 1429 2194 Athenaeum
1453 2151 1500 2192 11.
1529 2151 1636 2191 Ada-

379 2211 546 2250 mantius
568 2209 775 2262 Phyfiogn.
794 2208 856 2257 II,
883 2211 957 2258 26,
981 2210 1022 2250 δι
1045 2207 1238 2249 Aristides.
1261 2207 1324 2247 Ad
1348 2207 1444 2247 hanc
1467 2203 1634 2246 formam

379 2263 499 2304 ἑλαὼν
521 2276 594 2317 pro
620 2263 751 2303 ἑλοιιὼν
776 2263 812 2302 in
836 2264 984 2303 Lexicis
999 2273 1093 2303 vett.
1116 2262 1255 2302 ἑλέιϊνος
1281 2261 1322 2301 &
1346 2259 1510 2300 ἑλοίίνεος
1532 2259 1633 2311 apud

378 2318 613 2358 Homerum.
629 2316 843 2371 ἐλαολογέω
855 2347 868 2364 ,
883 2316 924 2357 &
938 2315 1028 2357 ἑλᾶς
1043 2329 1115 2371 pro
1130 2315 1265 2361 ἐλάαις,
1281 2326 1324 2355 ut
1340 2327 1389 2354 ex
1402 2313 1517 2354 Aelio
1536 2313 1637 2354 Dio-

380 2371 497 2422 nyfio
522 2370 680 2411 auctore
703 2370 792 2410 satis
805 2371 948 2411 idoneo
970 2370 1128 2411 constat.
1143 2371 1293 2409 Verum
1315 2380 1395 2408 non
1409 2378 1555 2407 tantum
1575 2367 1639 2409 Io-

380 2425 456 2465 nici
475 2424 676 2478 scriptores
686 2455 700 2471 ,
713 2424 774 2465 sed
787 2425 828 2465 δι
842 2424 973 2471 Plato,
988 2423 1209 2477 Xenophon
1219 2452 1230 2469 ,
1246 2421 1470 2462 Aristoteles
1482 2451 1495 2468 ,
1507 2421 1638 2462 Theo-

379 2478 572 2534 phrastus,
589 2480 657 2535 qui
671 2477 802 2534 paffim
818 2478 989 2530 adhibet,
1004 2479 1147 2533 aliique
1160 2477 1351 2517 innumeri
1368 2475 1463 2516 illud
1476 2474 1639 2516 alterum
